2290 3449
44 734 76 761 10

39 1181 75 1208 20

38 1403 72 1430 25

37 1625 73 1652 30

39 2071 73 2098 40

37 2295 71 2320 45

36 2963 70 2989 ὁΟ

459 203 629 238 GESTA
660 197 965 238 MAGNIFICA
993 201 1178 237 DOMUS
1207 200 1600 236 CARRARIENSIS
1881 201 1954 237 235

108 336 266 360 Pontesino
287 335 421 359 tredecim
442 334 615 365 perticarum
636 335 663 357 et
683 334 845 358 tabularum
866 333 984 365 viginti,
1013 332 1129 356 coheret
1153 339 1169 355 a
1195 338 1277 355 mane
1302 331 1418 355 heredes
1438 339 1464 362 q.
1484 331 1560 355 Petri
1589 332 1622 355 de
1648 331 1753 362 Viano,
1779 340 1793 355 a
1821 332 1956 356 nullhora

108 380 211 404 flumen
230 379 411 407 Bacchionis,
432 386 447 402 a
466 385 529 402 sero
551 379 599 402 via
618 379 758 402 comunis.
794 378 873 406 Item,
893 385 978 401 unam
998 378 1106 410 peciam
1127 378 1200 400 terre
1220 376 1250 400 in
1272 375 1406 400 Conchee
1428 377 1535 408 septem
1556 377 1727 407 perticarum
1747 378 1775 400 et
1795 376 1956 400 tabularum

108 425 212 454 decem,
231 425 345 448 coheret
365 430 381 448 a
399 430 482 447 mane
500 422 707 453 Marchesinus,
726 430 741 446 a
761 429 824 446 sero
843 424 871 446 et
891 430 906 446 a
920 421 1055 446 nullhora
1074 420 1245 444 Anthonius
1265 419 1298 443 de
1318 419 1469 444 Bardellis.
1498 420 1576 450 Item,
1597 427 1682 444 unam
1702 422 1811 452 peciam
1832 423 1906 444 terre
1927 421 1956 444 in

108 469 254 493 Paluseilo
273 469 393 492 duorum
414 474 578 499 camporum
598 469 625 491 et
645 467 819 499 perticarum
839 467 935 490 decem
949 468 976 490 et
991 465 1150 489 tabularam
1164 464 1336 496 quindecim,
1350 465 1465 488 coheret
1484 471 1500 487 a
1520 472 1600 488 mane
1619 464 1817 489 Manfredinus
1838 464 1956 495 Grotus,

108 522 122 538 a
143 514 278 538 nullhora
291 515 356 547 jura.
375 513 547 537 Monasterii
561 512 588 537 S.
602 512 758 543 Anthonii,
778 512 853 544 quod
873 511 1000 535 sedImen
1015 517 1076 534 cum
1090 510 1175 534 terris
1189 510 1302 533 tenetur
1317 517 1365 540 per
1380 509 1495 533 heredes
1510 509 1623 533 Alberti
1637 517 1662 540 q.
1676 510 1793 534 Henrlci
1809 510 1842 534 de
1856 510 1956 538 Fusco,

107 559 255 583 annuatim
275 558 420 582 reddendo
435 559 523 582 staria
536 557 645 590 viginti
658 559 765 589 septem
781 556 929 586 frumenti,
942 562 1027 579 unam
1041 555 1184 578 marcham
1200 554 1234 578 de
1248 554 1319 582 linO,
1333 553 1430 578 soldos
1445 555 1564 586 viginti,
1577 561 1663 577 unam
1678 555 1798 585 spallam
1812 555 1845 578 de
1859 562 1956 586 porco,

107 611 191 627 unam
214 603 366 635 fugaciam,
385 609 472 627 unum
492 609 627 631 anserem,
646 608 733 626 unum
753 608 805 633 par
818 600 972 633 pullorum,
985 607 1069 623 unam
1083 599 1224 631 gallinam
1240 600 1266 622 et
1281 599 1431 622 duodecim
1446 605 1510 623 ova.
1534 598 1615 628 Item,
1629 606 1714 622 unum
1729 599 1854 623 sedimen
1870 606 1958 632 prope

105 648 254 672 ecclesiam
274 648 301 672 S.
321 647 424 671 Crucis
442 647 561 671 dimidii
579 646 673 678 campi
691 647 719 670 et
738 646 861 677 triginta
880 646 1004 676 quatuor
1017 644 1189 674 tabularum,
1207 643 1321 667 coheret
1336 651 1350 667 a
1365 650 1446 667 mane
1462 643 1619 672 Americus,
1639 651 1653 666 a
1668 651 1744 667 nona
1758 644 1804 667 via
1819 644 1956 674 comunis,

107 699 123 716 a
141 699 204 716 sero
221 693 283 725 jura
302 692 419 716 ecclesie
433 692 459 716 S.
474 691 583 722 Crucis,
599 699 614 715 a
628 690 762 714 nullhora
776 689 848 713 dicti
869 690 1019 721 emptores.
1047 687 1126 717 Item,
1139 695 1224 712 unam
1240 689 1347 719 peciam
1363 689 1437 712 terre
1452 689 1480 711 in
1495 689 1636 717 contrata,
1656 694 1709 718 que
1728 687 1835 711 dicitur
1847 687 1956 719 Spesse,

107 736 193 760 unius
213 738 314 769 campi,
334 737 419 760 unius
440 737 549 768 pertice
568 737 596 759 et
616 734 778 759 tabularum
798 734 928 762 duarum,
947 733 1061 757 coheret
1081 740 1096 757 a
1116 740 1198 756 mane
1217 732 1317 756 Petrus
1338 732 1444 761 Bonus,
1465 732 1513 763 qui
1534 732 1640 755 dicitur
1655 731 1758 763 RocuS,
1779 740 1793 756 a
1813 740 1875 756 sero
1894 735 1921 756 et
1941 740 1956 756 a

106 781 242 805 nullhora
261 782 323 814 jura
343 780 461 805 ecclesie
481 780 507 804 S.
522 779 631 810 Crucis,
647 787 662 803 a
675 785 753 802 nona
772 778 820 802 via
839 777 1031 802 consorcium.
1054 777 1134 806 Item,
1148 784 1234 800 unam
1248 777 1358 809 peciam
1374 778 1448 801 terre
1462 777 1492 801 in
1507 778 1648 807 contrata,
1662 784 1713 808 que
1728 776 1835 800 dicitur
1848 777 1956 809 Spesse,

106 827 193 851 trium
214 833 377 858 camporum
396 827 424 850 et
443 824 603 849 tabularum
624 825 699 852 octo,
719 823 833 847 coheret
852 829 868 846 a
888 829 950 846 sero
970 822 1085 846 heredes
1105 830 1130 853 q.
1152 821 1335 846 Marcovardi
1358 822 1478 852 notarii,
1499 829 1513 845 a
1535 829 1615 845 mane
1637 822 1772 853 magister
1792 822 1913 845 Michael
1941 829 1956 845 a

105 871 215 904 pertica
235 873 262 895 et
281 879 296 895 a
317 870 450 895 nullhora
467 871 528 903 jura
547 869 665 893 ecclesie
684 868 711 892 S.
731 867 840 892 Crucis.
867 866 948 896 Item,
968 874 1052 891 unam
1074 867 1184 899 peciam
1204 868 1278 890 terre
1298 867 1328 890 in
1343 866 1422 890 dicta
1441 868 1573 891 contrata
1586 866 1718 890 undecim
1739 867 1910 898 perticarum
1929 868 1957 890 et

105 915 268 940 tabularum
288 915 397 946 viginti
416 922 473 942 sex,
493 914 607 938 coheret
626 921 640 936 a
660 919 742 936 mane
761 911 870 941 Petrus,
891 909 938 943 qui
959 911 1068 935 dicitur
1087 911 1191 944 Rocus,
1212 918 1229 934 a
1249 919 1310 935 sero
1331 911 1447 935 heredes
1469 910 1602 934 Ubertini
1626 911 1788 935 Pertimasii
1802 912 1830 934 et
1844 918 1858 934 a
1879 918 1956 934 nona

107 960 273 990 Ubertinus,
291 960 340 992 qui
359 959 465 983 dicitur
483 957 608 992 Picolus.
644 957 725 985 Item,
743 963 829 980 unam
852 956 962 987 peciam
988 958 1061 980 terre
1082 957 1111 979 in
1140 956 1291 988 Rubigana
1317 957 1440 987 quatuor
1467 963 1630 987 camporum
1656 957 1683 979 et
1705 956 1876 986 perticarum
1898 962 1955 982 sex,

106 1005 220 1029 coheret
234 1013 249 1029 a
263 1012 344 1028 mane
360 1004 496 1028 fossatum
515 1002 654 1031 comunis,
674 1008 690 1025 a
707 1008 771 1025 sero
784 1000 900 1025 heredes
914 1001 1005 1025 Rubei
1020 1001 1153 1032 preconis
1167 1002 1194 1024 et
1209 1009 1223 1024 a
1239 1001 1375 1025 nullhora
1390 1001 1461 1024 dicti
1476 1002 1627 1033 emptores.
1652 999 1731 1031 Item,
1746 1007 1831 1024 unam
1846 1000 1955 1031 peciam

105 1052 178 1074 terre
197 1050 227 1073 in
247 1049 325 1073 dicta
344 1049 475 1072 contrata
495 1047 615 1071 duorum
636 1053 800 1078 camporum
815 1053 877 1069 cum
892 1046 1015 1070 dimidio
1029 1047 1057 1069 et
1070 1046 1233 1070 tabularum
1249 1046 1421 1077 quindicim,
1435 1046 1549 1069 coheret
1569 1053 1583 1069 a
1596 1052 1677 1069 mane
1692 1045 1779 1069 frater
1798 1044 1955 1073 Americus,

105 1102 120 1118 a
140 1102 203 1118 sero
223 1095 270 1118 via
295 1093 420 1125 publica,
443 1094 472 1116 et
497 1099 513 1116 a
532 1099 608 1115 nona
635 1090 727 1123 Ciligi
748 1090 782 1114 de
802 1090 964 1114 Rovolone.
1001 1089 1080 1121 Item,
1105 1097 1190 1114 unam
1211 1091 1320 1123 peciam
1341 1092 1414 1114 terre
1440 1091 1470 1114 in
1497 1089 1682 1114 Prevendoso
1708 1090 1793 1113 unius
1813 1089 1904 1121 campi
1928 1091 1956 1112 et

103 1139 266 1163 tabularum
285 1139 416 1170 triginta,
443 1137 556 1161 coheret
576 1143 592 1160 a
611 1143 701 1164 mane,
724 1143 738 1159 a
759 1135 895 1159 nullhora
914 1136 942 1159 et
961 1142 976 1159 a
995 1142 1057 1159 sero
1080 1136 1167 1159 frater
1193 1135 1342 1159 Americus
1362 1137 1390 1159 et
1409 1142 1425 1159 a
1447 1143 1522 1159 nona
1548 1135 1731 1159 Marcoardus
1751 1134 1786 1158 de
1811 1133 1956 1158 Lunardo.

104 1183 185 1213 Item,
204 1190 290 1207 unam
315 1183 424 1215 peciam
442 1183 516 1205 terre
535 1182 563 1205 et
581 1181 658 1212 prati
680 1181 709 1204 in
730 1180 915 1204 Prevendoso
942 1180 1062 1204 duorum
1089 1185 1252 1212 camporum
1272 1182 1301 1203 et
1324 1180 1496 1211 perticarum
1522 1179 1668 1208 tredecim,
1695 1179 1809 1204 coheret
1835 1185 1850 1202 a
1877 1185 1956 1202 mane

104 1228 194 1252 frater
212 1227 368 1255 Americus,
389 1233 404 1250 a
423 1233 486 1250 sero
505 1226 533 1249 et
552 1232 568 1249 a
588 1225 723 1248 nullhora
743 1225 790 1248 via
811 1225 952 1248 comunis.
980 1224 1059 1253 Item,
1079 1231 1163 1248 unam
1184 1224 1294 1256 peciam
1315 1225 1390 1256 prati
1412 1225 1536 1255 quinque
1556 1225 1729 1257 perticarum
1749 1230 1810 1247 cum
1825 1223 1956 1250 dimidia,

104 1272 219 1296 coheret
236 1279 253 1296 a
272 1278 353 1295 mane
371 1272 429 1294 eta
449 1277 525 1293 nona
545 1269 614 1293 dicti
636 1270 785 1300 emptores,
807 1276 822 1293 a
843 1275 906 1292 sero
925 1268 1017 1292 frater
1036 1269 1195 1293 Americus.
1226 1268 1306 1298 Item,
1320 1275 1405 1292 unam
1419 1268 1529 1300 peciam
1545 1269 1622 1300 prati
1636 1270 1663 1292 et
1676 1270 1751 1292 terre
1765 1268 1795 1292 in
1810 1267 1955 1291 Palusello

104 1317 224 1341 duorum
244 1322 416 1348 camporum,
436 1315 609 1346 perticarum
628 1313 762 1337 undecim
783 1314 811 1337 et
829 1313 991 1337 tabularum
1012 1314 1145 1344 quinque,
1165 1313 1280 1337 coheret
1300 1321 1315 1337 a
1335 1321 1416 1337 mane
1430 1313 1601 1344 Palusellus,
1622 1321 1637 1337 a
1658 1319 1734 1337 nona
1754 1312 1955 1336 Manfredinus

105 1361 213 1385 Grotus
231 1362 260 1385 et
277 1367 293 1384 a
312 1366 374 1384 sero
394 1358 579 1383 Crescencius
599 1358 632 1382 de
652 1358 811 1382 Aichenda.
849 1358 929 1388 Item,
948 1365 1033 1382 unam
1054 1359 1162 1390 peciam
1185 1360 1258 1382 terre
1278 1358 1307 1382 in
1323 1358 1478 1382 Pascarolo
1491 1358 1578 1381 unius
1598 1357 1829 1389 camp1,coheret
1843 1364 1859 1381 a
1874 1363 1955 1380 mane

103 1405 152 1429 vla
171 1405 312 1436 comunis,
332 1412 346 1428 a
366 1403 502 1428 nullhora
517 1403 699 1435 Johanninus
719 1411 745 1434 q.
765 1402 930 1427 Crescencii
956 1404 984 1427 et
1003 1411 1018 1427 a
1036 1409 1101 1426 sero
1119 1401 1133 1415 *
1152 1403 1166 1418 ⁸
1184 1402 1206 1426 *.
1245 1402 1322 1433 Item,
1351 1409 1436 1426 unam
1463 1403 1571 1434 peciam
1599 1404 1672 1426 terre
1691 1409 1707 1426 a
1729 1402 1822 1426 Ponte
1846 1401 1954 1433 lapidis

103 1450 198 1473 decem
218 1449 389 1481 perticarum
408 1449 436 1472 et
454 1447 617 1472 tabularum
643 1447 803 1478 duodecim,
824 1447 941 1471 coheret
960 1453 976 1471 a
996 1455 1058 1470 sero
1078 1447 1127 1471 via
1152 1448 1347 1477 consorcium,
1373 1454 1389 1470 a
1410 1447 1544 1471 nullhora
1565 1447 1614 1471 via
1639 1447 1770 1470 comunis
1790 1447 1817 1470 et
1837 1453 1854 1470 a
1873 1453 1954 1469 mane

103 1493 276 1518 Gumbertus
295 1501 321 1524 q.
340 1491 514 1521 Crescencii,
533 1491 609 1524 quod
629 1491 756 1515 sedimen
777 1499 839 1515 cum
859 1492 945 1515 terris
965 1493 1079 1516 tenetur
1099 1498 1148 1523 per
1162 1492 1332 1523 magistrum
1352 1492 1462 1515 Bonum
1478 1491 1621 1515 notarium
1637 1491 1782 1515 reddendo
1802 1491 1952 1515 annuatim

103 1539 283 1571 vigintiocto
302 1539 391 1562 staria
410 1537 480 1562 boni
501 1537 639 1561 frumenti
658 1544 721 1560 cum
741 1536 873 1567 dimidio,
895 1543 980 1560 unam
1002 1536 1144 1560 marcham
1170 1536 1237 1567 lini,
1264 1543 1348 1560 unam
1372 1536 1495 1569 spallam
1514 1536 1548 1560 de
1567 1543 1666 1568 porco,
1689 1543 1774 1559 unam
1801 1535 1953 1568 fugaciam,

101 1591 189 1607 unum
207 1590 344 1614 anserem,
363 1589 450 1606 unum
469 1589 520 1614 par
540 1581 694 1613 pullorum,
715 1588 800 1605 unam
819 1581 969 1613 gallinam.
989 1581 1141 1605 duodecim
1162 1589 1216 1605 ova
1236 1582 1263 1604 et
1283 1581 1381 1605 soldos
1397 1582 1515 1612 viginti.
1547 1581 1629 1611 Item,
1648 1588 1734 1604 unam
1754 1581 1863 1612 peciam
1878 1581 1952 1604 terre

105 1629 136 1652 in
155 1629 296 1658 contrata,
318 1634 371 1659 que
390 1626 498 1651 dicitur
517 1625 730 1656 Ronehofosco,
751 1625 869 1649 duorum
889 1633 1054 1658 camporum
1074 1627 1102 1649 et
1121 1626 1206 1649 unius
1229 1625 1337 1658 pertice
1357 1632 1418 1649 cum
1442 1624 1573 1654 dimidia,
1601 1625 1715 1649 coheret
1736 1633 1750 1648 a
1771 1632 1852 1648 mane
1866 1623 1952 1648 Vata-

106 1673 195 1701 cinus,
215 1679 230 1695 a
250 1679 312 1696 sero
332 1671 359 1696 d.
378 1671 566 1695 Nascimbene
585 1672 613 1694 et
632 1677 649 1694 a
669 1670 784 1694 nullora
804 1670 831 1694 d.
850 1670 1024 1702 Hyeremias.
1055 1670 1134 1699 Item,
1153 1677 1239 1694 unam
1259 1671 1367 1702 peciam
1381 1672 1455 1694 terre
1470 1670 1498 1693 in
1514 1670 1591 1693 dicta
1605 1671 1737 1693 contrata
1751 1669 1845 1693 decem
1865 1669 1952 1701 perti-

104 1724 199 1741 carum
219 1724 279 1740 cum
306 1716 437 1745 dimidia,
463 1716 506 1739 cui
534 1715 649 1739 coheret
668 1723 683 1739 a
702 1721 784 1738 mane
803 1714 921 1739 Hercius
941 1722 966 1746 q.
982 1715 1153 1746 Johannini,
1180 1723 1194 1739 a
1219 1722 1284 1739 sero
1309 1716 1336 1738 et
1362 1715 1482 1739 meridie
1501 1714 1609 1745 Petrus,
1637 1715 1686 1746 qui
1708 1714 1816 1738 dicitur
1838 1713 1952 1745 Papoli.

103 1761 182 1791 Item,
193 1768 279 1785 unam
298 1760 407 1792 peciam
426 1761 500 1784 terre
520 1760 549 1783 in
571 1761 713 1788 contrata,
733 1766 785 1790 que
805 1759 912 1783 dicitur
931 1758 1073 1789 Solarola,
1092 1760 1177 1783 unius
1198 1760 1289 1791 campi
1304 1761 1332 1784 et
1346 1759 1507 1783 tabularum
1528 1759 1638 1791 viginti
1652 1766 1765 1787 novem,
1780 1759 1825 1782 cui
1838 1758 1953 1782 coheret

105 1813 119 1829 a
139 1812 201 1829 sero
221 1807 249 1829 et
268 1804 383 1829 nuliora
404 1804 451 1828 via
472 1805 601 1828 comunis
621 1805 650 1828 et
669 1811 684 1827 a
703 1811 785 1827 mane
805 1802 991 1827 Crescencius
1011 1804 1045 1827 de
1064 1803 1224 1828 Alchenda.
1260 1804 1340 1833 Item,
1360 1811 1447 1827 unam
1467 1803 1577 1835 peciam
1598 1805 1672 1828 terre
1693 1804 1720 1826 in
1743 1804 1882 1832 contrata,
1904 1809 1957 1833 que

103 1851 211 1874 dicitur
228 1849 416 1880 Predeimare,
436 1850 520 1873 unius
538 1849 641 1881 campi,
663 1849 835 1880 perticarum
856 1848 1009 1872 duodecim
1027 1850 1055 1872 et
1074 1848 1236 1872 tabularum
1260 1849 1386 1880 triginta
1405 1856 1462 1877 sex,
1482 1848 1597 1872 coheret
1616 1856 1631 1872 a
1651 1855 1733 1872 mane
1752 1849 1815 1881 jura
1834 1846 1952 1871 ecclesie

103 1894 129 1918 S.
150 1895 270 1918 Martini
291 1894 324 1918 de
344 1894 468 1925 Vaneca,
487 1901 502 1918 a
522 1893 657 1917 nullhora
676 1893 724 1917 via
744 1893 876 1917 comunis
896 1896 924 1917 et
950 1901 964 1917 a
984 1901 1048 1917 sero
1068 1893 1231 1918 Madonius.
1269 1893 1349 1922 Item,
1368 1901 1451 1918 unam
1473 1894 1583 1925 peciam
1602 1894 1676 1917 terre
1696 1893 1726 1916 in
1747 1891 1951 1925 Campolongo

102 1941 187 1963 unIus
207 1940 302 1972 campi
320 1941 348 1963 et
367 1939 540 1971 perticarum
560 1940 693 1970 quinque,
712 1938 829 1963 coheret
850 1946 864 1962 a
884 1946 966 1963 mane
985 1939 1049 1971 jura
1069 1938 1186 1963 ecclesie
1205 1939 1232 1964 S.
1254 1939 1433 1968 Anthonii,a
1453 1946 1516 1962 sero
1537 1938 1607 1962 dicti
1629 1939 1770 1971 emptores
1790 1939 1818 1962 et
1837 1945 1852 1962 a
1872 1944 1951 1960 nona

104 1985 152 2008 via
171 1985 309 2008 comunis.
346 1984 425 2014 Item,
444 1991 528 2007 unam
545 1985 654 2015 peciam
667 1984 740 2007 terre
755 1984 784 2007 in
799 1984 941 2015 contrata,
960 1990 1014 2015 que
1033 1983 1140 2008 dicitur
1160 1983 1370 2015 Traversagno,
1389 1991 1437 2008 sex
1453 1984 1623 2015 pertIcarum
1643 1984 1670 2007 et
1683 1983 1842 2007 tabularum
1854 1982 1952 2012 trium,

104 2029 217 2053 coheret
236 2036 252 2053 a
271 2036 332 2053 sero
351 2028 511 2052 Iohaninus
531 2036 555 2060 q.
576 2028 736 2052 Marcoardi
757 2029 875 2057 notarIi,
895 2035 911 2052 a
932 2036 1008 2052 nona
1034 2029 1105 2052 dicti
1131 2030 1270 2061 emptores
1296 2030 1323 2052 et
1343 2037 1357 2052 a
1379 2029 1494 2052 nullora
1520 2028 1723 2052 Marchesinus.
1759 2027 1840 2057 Item,
1865 2031 1950 2050 unam

104 2074 214 2107 peciam
234 2075 308 2098 terre
327 2074 356 2097 in
376 2072 473 2097 eadem
491 2074 623 2097 contrata
643 2073 738 2096 decem
758 2073 930 2104 perticarum
945 2080 1006 2096 cum
1021 2072 1150 2101 dimidia,
1170 2073 1285 2097 coheret
1298 2080 1314 2097 a
1329 2073 1463 2097 nullhora
1477 2073 1609 2103 Belletus,
1625 2073 1671 2104 qui
1687 2071 1794 2096 dicitur
1807 2071 1950 2104 Cachone‚

104 2127 119 2143 a
138 2125 221 2142 mane
240 2118 267 2142 d.
286 2117 374 2142 Potus
393 2119 422 2142 et
439 2125 454 2142 a
470 2125 548 2142 nona
568 2117 615 2142 via
629 2118 770 2142 comunis.
806 2117 888 2148 Item,
910 2125 995 2141 unam
1009 2118 1134 2150 perciam
1154 2119 1226 2142 terre
1241 2118 1271 2142 in
1292 2118 1464 2142 Braidolino
1478 2120 1544 2142 octo
1564 2118 1736 2149 perticarum
1749 2119 1777 2141 et
1789 2116 1949 2141 tabularum

103 2164 222 2195 viginti,
236 2163 351 2187 coheret
371 2171 385 2187 a
405 2169 487 2186 mane
505 2163 660 2195 Tropinus,
681 2171 696 2187 a
714 2170 778 2187 sero
793 2163 976 2194 johanninus
997 2162 1030 2186 dc
1050 2162 1200 2186 Alchenda
1214 2165 1242 2187 et
1261 2170 1276 2186 a
1297 2170 1374 2187 nona
1388 2163 1518 2187 Bocetus.
1555 2162 1636 2190 Item,
1650 2169 1735 2186 unam
1755 2162 1863 2194 peciam
1878 2162 1951 2184 terre

103 2208 133 2232 in
150 2208 244 2232 Roina
257 2207 406 2231 duodecim
428 2208 599 2239 perticarum
620 2209 647 2231 et
663 2207 825 2232 tabularum
846 2207 1036 2239 quadraginta
1055 2208 1147 2237 unius,
1167 2208 1281 2232 coheret
1300 2214 1316 2231 a
1336 2214 1417 2231 mane
1432 2206 1613 2237 Gumbertus,
1633 2215 1647 2230 a
1670 2213 1746 2230 nona
1760 2207 1807 2230 via
1821 2206 1950 2230 comunis

103 2254 131 2276 et
150 2260 164 2276 a
185 2252 320 2276 nullhora
337 2251 439 2275 flumen
460 2252 639 2276 Bacchionis.
676 2252 758 2283 Item,
783 2259 869 2276 unam
891 2253 1000 2285 peclam
1021 2254 1093 2276 terre
1112 2252 1237 2283 quinque
1256 2253 1429 2284 perticarum
1448 2254 1475 2276 et
1494 2251 1654 2276 tabularum
1674 2252 1797 2283 triginta
1816 2251 1951 2282 quinque,

102 2297 217 2321 coheret
229 2304 246 2320 a
259 2304 340 2320 mane
355 2295 381 2320 d.
400 2295 531 2326 Tholica,
551 2303 566 2319 a
587 2296 720 2320 nullhora
739 2297 767 2321 et
785 2304 801 2320 a
822 2303 884 2320 sero
906 2297 994 2321 frater
1013 2296 1162 2320 Americus
1182 2297 1326 2321 Bocaleta.
1362 2295 1423 2324 Que
1442 2298 1522 2329 pecie
1542 2298 1614 2320 terre
1633 2297 1766 2320 tenentur
1785 2303 1834 2327 per
1851 2295 1950 2326 Hyere-

104 2342 190 2364 miam
209 2348 234 2372 q.
255 2340 318 2364 Ade
334 2339 479 2364 reddendo
493 2341 641 2364 annuatim
658 2341 784 2372 quinque
797 2342 885 2365 staria
904 2341 976 2365 boni
998 2341 1133 2365 frumenti
1153 2348 1216 2365 cum
1237 2341 1369 2370 dimidio,
1389 2342 1514 2372 quinque
1533 2341 1621 2365 staria
1642 2340 1718 2364 milii
1738 2347 1800 2364 cum
1820 2338 1949 2367 dimidio,

103 2385 225 2417 quinque
246 2386 334 2409 staria
353 2385 431 2416 surgi
445 2391 506 2408 cum
521 2384 644 2409 dimidio
658 2386 687 2409 et
706 2392 792 2409 unum
812 2393 948 2409 anserem.
985 2385 1066 2415 Item,
1076 2392 1161 2409 unam
1182 2386 1291 2417 peciam
1311 2388 1384 2410 terre
1400 2387 1429 2409 in
1444 2386 1560 2414 Albolo,
1580 2392 1632 2416 que
1651 2386 1761 2417 regitur
1780 2391 1829 2416 per
1842 2384 1950 2407 dictum

102 2430 281 2462 Hyeremiam
301 2437 326 2460 q.
346 2429 417 2458 Ade,
436 2429 521 2453 unius
541 2430 680 2461 quarterii
701 2431 793 2462 campi
817 2437 878 2454 curn
898 2430 1033 2460 dimidio,
1051 2430 1166 2454 coheret
1186 2438 1200 2454 a
1221 2430 1356 2454 nullhora
1376 2430 1510 2454 dominus
1536 2429 1694 2461 Hengulfus
1715 2436 1816 2460 comes,
1836 2435 1853 2452 a
1873 2434 1949 2451 nona

103 2476 131 2498 et
149 2482 165 2498 a
185 2481 249 2498 sero
270 2475 316 2498 via
336 2473 476 2504 comunis,
495 2473 528 2497 de
548 2480 602 2505 qua
621 2474 716 2498 reddit
736 2479 822 2498 unum
848 2481 898 2506 par
917 2475 1073 2508 pullorum.
1110 2474 1189 2503 Item,
1210 2481 1294 2498 unam
1314 2475 1424 2506 peciam
1444 2474 1520 2507 prati
1539 2476 1566 2498 et
1586 2476 1658 2498 terre
1678 2474 1709 2498 in
1733 2474 1874 2500 contrata,
1898 2479 1950 2503 que

104 2519 211 2543 dicitur
229 2519 370 2546 Foschile,
389 2519 508 2542 duorum
528 2526 692 2551 camporum
711 2521 739 2543 et
758 2521 930 2551 perticarum
949 2520 1090 2550 undecim,
1110 2520 1227 2543 coheret
1246 2527 1262 2543 a
1283 2527 1363 2543 mane
1378 2519 1513 2543 Albertus
1534 2527 1558 2550 q.
1578 2519 1710 2549 Viviani,
1724 2526 1738 2543 a
1752 2525 1814 2542 sero
1835 2517 1949 2541 heredes

101 2572 126 2595 q.
147 2563 309 2588 Conradini
329 2562 419 2587 Rubei
440 2563 581 2595 preconis,
601 2571 616 2588 a
637 2564 770 2588 nullhora
790 2564 863 2589 dicti
882 2566 1033 2596 emptores,
1055 2566 1082 2588 et
1102 2566 1208 2596 regitur
1228 2572 1278 2596 per
1297 2565 1412 2588 curiam.
1441 2564 1521 2592 Item,
1540 2571 1625 2588 unam
1646 2564 1754 2596 peciam
1774 2563 1898 2587 nemoris
1918 2563 1948 2585 in

102 2608 286 2638 Mandebreo,
305 2615 357 2639 que
377 2608 486 2639 regitur
505 2615 554 2640 per
573 2608 752 2641 Cambonum
773 2616 797 2640 q.
818 2608 985 2638 PetrItachi,
1007 2617 1055 2633 sex
1073 2616 1238 2641 camporum
1258 2611 1285 2633 et
1306 2610 1389 2632 unius
1409 2610 1556 2640 quarterii,
1571 2608 1604 2632 de
1617 2615 1671 2640 qua
1685 2608 1780 2632 reddit
1799 2608 1948 2631 annuatim

103 2654 227 2685 quinque
253 2654 341 2677 staria
363 2654 507 2677 frumenti.
545 2652 620 2683 Item,
642 2660 727 2677 unam
754 2655 861 2687 peciam
888 2655 961 2678 terre
988 2656 1114 2678 nemoris
1140 2655 1170 2678 in
1191 2654 1270 2678 dicto
1296 2654 1372 2683 loc0,
1399 2661 1451 2685 que
1476 2654 1585 2685 regitur
1610 2661 1660 2686 per
1685 2652 1895 2685 Galcignanum
1922 2660 1947 2682 q.

103 2698 212 2727 Martii,
231 2699 355 2729 quinque
375 2704 537 2729 camporum
558 2699 585 2721 et
605 2698 689 2722 unius
709 2699 855 2729 quarterii,
875 2698 1019 2723 reddendo
1035 2700 1183 2723 annuatim
1198 2699 1232 2722 de
1251 2698 1330 2722 dicto
1345 2705 1458 2722 nemore
1473 2699 1561 2722 staria
1576 2698 1700 2729 quinque
1719 2698 1789 2721 boni
1804 2696 1950 2721 frumenti.

103 2743 182 2774 Item,
203 2750 288 2766 unam
307 2743 418 2775 peciam
438 2743 562 2766 nemoris
578 2742 609 2766 in
622 2743 722 2767 eodem
742 2743 815 2772 loco,
829 2751 882 2775 que
897 2744 1006 2776 regitur
1020 2751 1069 2777 per
1083 2745 1191 2767 Bonum
1201 2744 1370 2775 Joliannem,
1390 2744 1514 2775 quinque
1535 2750 1698 2774 camporum
1717 2744 1744 2766 et
1763 2743 1848 2766 unius
1867 2748 1948 2772 quar-

103 2787 179 2816 terii,
199 2787 232 2810 de
251 2791 306 2818 quo
326 2787 421 2811 reddit
441 2788 590 2811 :mnuatim
610 2788 698 2812 staria
718 2788 842 2820 quinque
858 2789 1003 2813 frumenti,
1033 2789 1112 2818 Item,
1133 2796 1216 2812 unam
1237 2789 1347 2820 peciam
1362 2789 1489 2812 nemoris
1508 2788 1539 2812 in
1560 2787 1751 2817 Prevendoso,
1771 2794 1824 2818 que
1842 2787 1949 2819 regitur

104 2839 152 2864 per
171 2831 286 2855 Petrum
305 2839 331 2863 q.
350 2831 494 2863 Ubertini,
516 2831 665 2856 duodecim
685 2840 859 2865 camporum,
879 2834 994 2858 coheret
1014 2841 1029 2858 a
1050 2841 1130 2857 mane
1150 2833 1280 2858 Matheus
1306 2841 1331 2865 q.
1352 2833 1448 2857 Alioti
1469 2834 1497 2857 et
1516 2833 1578 2863 alii,
1598 2840 1613 2856 a
1634 2832 1768 2856 nullhora
1787 2833 1814 2856 et
1833 2839 1848 2855 a
1869 2837 1947 2855 nona.

102 2878 130 2900 et
149 2884 164 2900 a
184 2883 246 2900 sero
272 2876 407 2901 Albertus
426 2885 452 2909 q.
473 2877 658 2907 Vendramus,
678 2877 711 2901 de
729 2885 783 2909 qua
803 2878 897 2902 reddit
917 2880 1066 2903 annuatim
1088 2879 1176 2903 staria
1197 2878 1291 2902 decem
1310 2879 1338 2902 et
1358 2880 1463 2911 septem
1485 2877 1555 2902 boni
1580 2878 1725 2902 frumenti.
1761 2877 1840 2907 Item,
1863 2883 1949 2900 unam

101 2921 210 2953 peciam
230 2922 310 2951 terre,
331 2923 384 2952 que
402 2923 512 2953 regitur
531 2929 580 2953 per
598 2921 742 2946 Matheum
768 2929 793 2954 q.
813 2921 919 2952 Alioti,
940 2925 968 2947 in
989 2924 1086 2947 eadem
1112 2923 1255 2947 contrata
1275 2922 1393 2946 duorum
1420 2929 1585 2954 camporum
1605 2924 1632 2946 et
1655 2923 1825 2954 perticarum
1848 2927 1946 2944 novem

100 2967 128 2990 et
146 2965 306 2990 tabularum
327 2966 435 2997 viginti
457 2967 591 2995 nemoris,
611 2966 726 2991 coheret
745 2974 760 2990 a
780 2975 843 2992 sero
864 2970 892 2992 et
917 2976 932 2992 a
960 2976 1035 2992 nona
1056 2968 1154 2992 Petrus
1174 2976 1199 2999 q.
1220 2968 1363 2996 chrtini,
1390 2975 1405 2991 a
1427 2967 1562 2992 nullhora
1590 2968 1636 2991 via
1663 2967 1786 2999 publica,
1808 2967 1835 2990 et
1854 2965 1949 2990 reddit
