2290 3449
474 193 646 229 GESTA
675 194 982 229 MAGMIFICA
1011 194 1198 230 DOMUS
1228 194 1621 230 CARRARIENSIS
1888 198 1960 236 227

123 327 137 342 ¹⁴
152 325 346 366 pacificada
369 325 402 356 la
427 325 604 357 discordia
627 325 663 356 di
688 326 844 363 citadini‚
861 326 992 357 inseme
1010 324 1170 366 acceptai
1187 325 1232 356 da
1248 324 1305 356 vui
1322 324 1356 355 la
1371 325 1522 367 signoria
1542 326 1585 357 de
1603 326 1708 366 Pava,
1726 332 1760 358 et
1777 327 1967 359 solamente

121 378 135 393 “
151 389 214 419 per
237 384 358 420 questa
382 388 522 416 casone,
547 379 678 419 acoche
703 379 748 416 io,
777 389 876 411 como
902 389 997 420 pare,
1029 388 1186 419 possesse
1211 378 1407 419 provedere
1441 378 1507 409 alla
1531 379 1598 410 mia
1631 386 1665 411 et
1697 387 1811 412 vostra
1841 381 1963 422 patria.

122 431 136 446 ‘⁶
153 431 327 463 Fermada
350 432 504 463 anchora
530 432 559 463 13
584 443 667 473 pase
693 442 760 463 con
783 443 895 463 meser
918 432 1002 472 Can,
1027 431 1059 462 io
1085 431 1117 461 la
1140 430 1288 462 afferma
1313 440 1380 462 con
1407 438 1628 473 sagramento
1661 432 1705 463 de
1730 434 1823 464 l’una
1856 440 1889 464 et
1922 434 1965 464 de

123 485 136 500 ‘⁴
153 484 262 516 l'altra
285 490 400 526 parte3
424 485 458 516 io
484 486 653 516 contrassi
679 485 826 526 parento
851 495 918 516 con
941 485 1000 521 lui,
1022 491 1057 515 et
1080 494 1181 515 sovra
1206 484 1248 524 ςὸ
1270 494 1325 514 me
1351 484 1479 526 obligai
1504 484 1538 514 in
1564 495 1633 516 non
1659 486 1773 526 pocha
1797 496 1890 527 pena
1922 486 1967 518 de

74 537 91 568 5
123 539 136 554 “
151 537 310 569 moneda.
357 537 400 569 Et
423 543 512 569 tutto
537 544 657 580 questo
682 538 714 575 fi,
740 537 909 579 perch’io‚
934 547 1032 568 como
1059 546 1183 567 comun
1207 546 1303 577 pare,
1327 546 1486 578 possesse
1511 547 1630 567 servat
1654 539 1708 568 vui
1728 538 1797 570 fioli
1814 539 1849 569 in
1873 549 1967 580 pase.

121 590 135 605 “
151 591 196 622 Et
219 596 339 632 queste
363 596 451 624 tutte
476 601 557 623 cose
580 592 697 623 niente
722 591 766 622 ha
791 590 936 631 covado,
960 589 1090 630 perche
1116 590 1147 621 el
1171 590 1217 620 ie
1243 590 1361 631 alguni
1385 589 1542 627 citadim',
1559 590 1624 621 che
1641 601 1717 622 ama
1741 591 1799 632 pin
1819 592 1830 622 i
1855 592 1965 624 nostri

121 646 134 660 “
151 643 275 675 nemisi
299 644 365 676 cha
389 645 399 675 i
423 645 475 676 soi
499 645 646 676 concive
672 650 705 676 et
729 644 761 675 13
783 653 844 675 503
867 644 991 684 patria,
1016 648 1050 673 et
1075 642 1194 684 pereo,
1218 643 1350 684 partidi
1369 644 1413 675 da
1429 643 1535 682 Pava‚
1559 654 1594 674 se
1620 643 1638 674 ὲ
1663 644 1792 675 redutti
1808 645 1840 675 ai
1859 645 1966 677 nostri

122 697 136 712 ‘⁴
152 697 284 735 nemisi‚
309 697 343 729 di
369 698 463 739 quali
489 697 630 730 citadini
658 703 692 728 et
714 696 838 732 ribelli‚
861 695 982 727 siando
1007 695 1073 726 Dio
1099 706 1166 727 con
1191 707 1247 733 nu,
1272 706 1319 727 nu
1344 697 1477 728 faremo
1503 697 1658 728 anchora
1681 697 1714 728 la
1739 698 1856 729 debita
1881 709 1963 729 ven-

122 752 136 767 “
151 751 257 782 detta.
299 751 349 796 ῼὲ.
373 761 484 782 meser
508 750 595 789 Can,
618 755 707 782 rotta
730 749 763 780 la
786 759 869 790 pase
895 754 929 779 et
953 749 1069 789 pocho
1093 750 1251 780 curando
1275 749 1331 780 del
1354 755 1445 780 rotto
1469 749 1963 791 sagramento‚incustamente

55 804 92 834 10
122 805 136 820 “
151 813 194 834 ne
220 803 264 835 ha
288 805 446 836 mettudo
469 812 593 844 campo
617 802 750 833 adosso.
798 801 841 832 Et
866 801 973 842 perci)
990 801 1047 832 nui
1065 801 1238 842 have[mo]
1257 801 1289 832 la
1306 802 1434 833 iustisia
1452 802 1543 833 dalla
1561 808 1679 833 nostra
1701 809 1799 843 parte
1824 809 1857 834 et
1874 813 1967 834 com-

121 857 136 871 “
152 856 290 888 batemo
317 867 378 898 per
401 856 434 887 13
457 855 639 891 libertade‚
663 855 691 885 51
717 855 782 886 che
806 854 856 886 sia
880 855 923 886 de
948 855 1031 886 forti
1055 854 1172 891 animi,
1197 855 1353 896 apariadi
1371 855 1413 886 de
1431 865 1525 886 arme
1544 861 1577 886 et
1601 856 1644 886 de
1662 855 1799 892 cavalli,
1824 856 1966 896 acoche‚

119 910 132 925 “
150 909 289 951 quando
314 920 357 941 ne
381 909 504 951 parera
528 909 559 940 el
584 913 713 948 tempo,
739 907 797 938 nui
824 917 983 948 possamo
1008 907 1203 939 virilmente
1236 909 1380 939 assaltar
1404 908 1414 939 i
1439 908 1548 940 nostri
1573 908 1693 939 nemisi
1709 931 1739 946 „.
1785 908 1836 940 Le
1861 909 1962 951 quale

117 963 235 1004 parole
260 963 333 995 cosi
358 968 502 1003 exposto
525 972 588 1003 per
611 961 646 991 10
670 960 864 992 sovraditto
888 971 1001 992 meser
1026 961 1164 992 Iacomo
1189 961 1234 992 da
1258 961 1418 999 Carrara,
1435 968 1523 993 tutto
1542 962 1573 992 el
1592 962 1718 1002 povolo
1736 961 1796 993 eti
1821 962 1967 993 citadini

116 1017 189 1048 6051
213 1027 352 1058 respose
377 1017 422 1047 ad
448 1015 516 1046 alta
540 1024 638 1046 vose:
669 1014 728 1046 “O
752 1019 871 1046 nostro
896 1015 1098 1052 defensore,
1124 1021 1157 1045 et
1182 1015 1226 1046 de
1252 1015 1284 1045 la
1308 1021 1365 1046 toa
1390 1020 1425 1046 et
1448 1020 1565 1046 nostra
1595 1015 1717 1056 patria,
1749 1026 1768 1046 a
1793 1016 1819 1047 ti
1850 1016 1900 1046 sia
1931 1016 1963 1046 el

55 1070 91 1100 15
121 1072 134 1087 “
149 1071 358 1102 comandare
382 1074 416 1100 et
440 1079 460 1099 a
483 1069 542 1099 nui
566 1067 687 1099 obedir
711 1067 743 1098 ai
767 1068 1048 1100 comandamenti
1072 1068 1134 1100 toi:
1161 1068 1188 1099 51
1213 1068 1278 1100 che
1304 1069 1476 1100 comanda
1500 1079 1576 1110 pur,
1594 1069 1659 1100 che
1676 1069 1733 1100 nui
1757 1068 1862 1100 siamo
1887 1070 1965 1101 tutti

118 1125 132 1139 ‘⁶
149 1123 327 1165 apareiadi
343 1146 372 1162 „.
419 1121 541 1153 Allora
566 1121 624 1153 del
648 1122 937 1154 comandamento
962 1121 1022 1153 del
1044 1121 1229 1164 magnifico
1254 1133 1367 1153 meser
1391 1122 1532 1153 Iacomo
1558 1122 1602 1154 da
1628 1121 1776 1154 Carrara
1799 1123 1834 1154 in
1860 1122 1966 1164 pochi

117 1176 152 1208 di
176 1176 214 1208 fo
238 1175 398 1218 reparadi
422 1180 456 1206 et
479 1175 604 1215 aconei
628 1174 638 1204 i
662 1174 763 1216 borgi
787 1175 830 1205 de
855 1174 950 1206 Pava
975 1175 1018 1206 de
1043 1175 1157 1216 spaldi
1183 1180 1217 1206 et
1242 1174 1286 1206 de
1311 1175 1468 1207 bitifredi
1493 1181 1528 1206 et
1560 1175 1751 1207 fortificadi
1782 1176 1826 1207 de
1859 1176 1962 1207 fosse.

203 1273 253 1308 79.
278 1272 356 1314 [38].
380 1290 423 1295 —-
446 1272 565 1304 Dredo
590 1273 622 1304 le
646 1272 846 1314 sopradicte
872 1283 952 1305 cose
976 1274 1100 1305 siando
1126 1272 1165 1314 ca
1191 1283 1253 1315 per
1284 1283 1396 1305 meser
1419 1273 1493 1306 Can
1519 1274 1701 1315 occupada
1725 1274 1758 1306 la
1781 1280 1874 1306 torre
1907 1274 1964 1306 del

112 1326 310 1358 Bassanello
336 1331 370 1357 et
395 1327 482 1358 fatto
507 1326 531 1356 Ιὶ
559 1336 603 1356 un
628 1325 771 1358 castello
797 1327 841 1357 de
866 1326 996 1369 lengno
1029 1327 1136 1358 molto
1169 1326 1273 1364 forte,
1305 1327 1337 1358 al
1369 1327 1449 1368 qual
1483 1327 1626 1358 castello
1657 1329 1854 1369 respondea
1878 1333 1964 1359 tutte

48 1382 90 1412 20
116 1380 146 1411 le
170 1379 250 1410 ville
274 1379 318 1411 da
343 1378 460 1420 quella
484 1384 594 1421 parte,
617 1384 652 1410 et
675 1378 836 1411 eciandio
861 1380 947 1411 satta
970 1390 1038 1410 una
1061 1386 1154 1411 rosta
1178 1390 1345 1421 appresso
1363 1380 1394 1410 el
1420 1380 1514 1411 dicto
1540 1380 1694 1417 castello,
1719 1381 1751 1411 la
1768 1381 1849 1422 qual
1872 1388 1964 1413 rosta

111 1433 218 1465 tollea
242 1433 355 1475 l’aqua
379 1443 399 1463 a
422 1432 518 1464 Pava
542 1439 576 1464 et
599 1443 643 1464 no
668 1432 802 1464 lassava
826 1444 985 1465 masenar
1007 1433 1018 1464 i
1042 1433 1171 1470 molini,
1197 1433 1229 1464 el
1253 1433 1438 1475 magnifico
1464 1444 1575 1465 meser
1599 1434 1736 1466 Iacomo
1762 1434 1809 1465 fe'
1841 1444 1964 1475 prove-

112 1488 174 1519 der
197 1487 233 1518 in
257 1486 352 1518 Pava
375 1486 419 1518 de
441 1486 539 1518 molti
563 1486 712 1527 pistrini,
738 1493 782 1523 et,
806 1486 940 1519 intento
963 1497 1099 1529 sempre
1125 1494 1158 1519 et
1182 1487 1392 1530 veghievole
1417 1488 1483 1519 alla
1503 1489 1638 1529 guarda
1661 1494 1696 1519 et
1720 1487 1855 1520 deffesa
1872 1488 1964 1520 della

112 1546 213 1577 terra,
237 1540 364 1571 mando
387 1539 425 1570 in
448 1539 637 1571 Toschana
662 1551 682 1571 a
707 1540 900 1571 domandar
924 1540 1050 1572 alturio
1073 1547 1196 1572 contra
1220 1551 1333 1572 meser
1357 1539 1433 1572 Can
1461 1541 1514 1572 soi
1546 1541 1691 1572 solemni
1723 1541 1960 1578 ambaxadori,

116 1592 179 1634 ςοὲ
203 1602 315 1624 meser
336 1592 487 1624 Ubertin
511 1602 651 1624 menore
677 1593 721 1624 da
745 1593 906 1631 Carrara,
932 1594 964 1624 61
989 1594 1068 1635 qual
1094 1593 1131 1624 fo
1156 1593 1214 1635 poi
1238 1594 1358 1636 signor
1383 1595 1426 1625 de
1442 1593 1548 1631 Pava,
1572 1604 1685 1625 meser
1708 1594 1817 1638 (Juam
1835 1596 1962 1626 zudese

48 1647 89 1679 25
114 1647 158 1679 de
182 1647 343 1689 Vigonca
366 1653 400 1678 et
424 1645 586 1678 Albertin
611 1646 778 1684 Mussato‚
803 1653 918 1687 poeta.
965 1646 1009 1678 Et
1035 1646 1197 1678 eciandio
1222 1647 1348 1678 mando
1373 1653 1626 1679 se2retamente
1657 1648 1734 1679 altri
1764 1648 1814 1680 soi
1849 1647 1964 1679 amba-

110 1701 234 1732 xadori
260 1711 279 1731 a
303 1700 462 1732 Treviso.
507 1699 567 1731 Ma
591 1699 663 1731 6051
686 1699 729 1731 (16
753 1700 941 1731 Toschana
966 1710 1065 1732 como
1089 1700 1134 1732 de
1158 1700 1308 1732 Treviso
1341 1700 1351 1731 i
1375 1701 1426 1732 soi
1455 1701 1681 1733 ambaxadori
1713 1711 1775 1743 per
1806 1700 1962 1733 subsidio

115 1753 147 1785 ie
171 1753 311 1796 reporto
334 1753 466 1795 parole.

202 1851 254 1883 80.
279 1851 358 1892 [39].
385 1850 490 1883 —In
513 1858 635 1893 questo
660 1861 760 1892 meco
789 1852 801 1883 i
832 1851 1028 1883 Veneciani
1060 1852 1187 1883 mando
1219 1852 1271 1883 soi
1303 1851 1528 1883 ambaxadori
1561 1863 1580 1882 a
1612 1852 1760 1883 cer<har
1791 1851 1835 1883 de
1867 1862 1962 1893 pase,

114 1905 207 1948 quali
230 1905 340 1946 prima
364 1905 400 1936 fo
424 1915 492 1936 con
516 1916 630 1936 meser
653 1903 739 1943 Can,
763 1905 833 1946 poi,
862 1905 1001 1946 vignudi
1027 1916 1046 1936 a
1072 1905 1178 1941 pava,
1210 1906 1301 1936 disse
1325 1917 1344 1936 a
1369 1915 1484 1937 meser
1506 1906 1646 1937 Iacomo
1671 1906 1716 1937 da
1739 1906 1888 1938 Can-ara
1913 1906 1961 1937 lui

48 1960 88 1990 30
112 1968 234 2000 posser
256 1958 364 1989 haver
387 1958 421 1989 la
444 1968 526 2000 pase
550 1967 617 1989 con
641 1964 764 2000 questa
789 1958 987 1996 condicion‚
1011 1959 1123 2000 prima
1146 1959 1212 1990 che
1235 1959 1283 1990 lui
1307 1958 1474 1990 renuncie
1493 1958 1560 1990 alla
1577 1958 1730 2001 signoria
1756 1959 1834 1990 dela
1850 1965 1958 1993 terra,

111 2011 265 2043 secundo
291 2011 366 2048 che,
391 2011 511 2052 cacadi
535 2011 545 2041 i
569 2011 716 2048 soldadi,
732 2011 742 2041 i
766 2012 912 2043 citadini
935 2011 1040 2042 ussidi
1059 2012 1108 2043 sia
1125 2012 1301 2044 restituidi
1317 2013 1352 2042 in
1368 2011 1475 2051 Pava,
1491 2022 1643 2043 remossa
1660 2012 1740 2054 ogni
1755 2012 1961 2054 excepcion.

111 2065 163 2096 La
186 2063 265 2106 qual
290 2074 373 2105 pase
397 2064 431 2095 in
456 2065 525 2096 6051
549 2064 638 2096 satta
662 2065 775 2096 forma
792 2064 915 2096 recuso
939 2066 970 2096 61
988 2065 1179 2096 sovraditto
1196 2075 1310 2096 meser
1325 2065 1476 2102 Iacomo,
1494 2065 1649 2108 digando
1667 2066 1731 2097 che
1749 2065 1817 2097 ello
1834 2066 1962 2097 s'acor-

112 2125 178 2158 gea
202 2116 269 2147 ben
293 2115 359 2146 che
383 2125 494 2147 meser
516 2116 591 2147 Can
614 2115 714 2147 volea
739 2121 956 2147 sottometter
980 2116 1013 2147 la
1038 2115 1106 2147 cita
1131 2116 1175 2147 de
1193 2116 1288 2147 Pava
1307 2116 1374 2147 alla
1392 2127 1453 2147 soa
1470 2116 1631 2159 signoria,
1649 2118 1706 2158 poi
1725 2117 1814 2148 che’l
1833 2117 1959 2148 cercha

113 2170 156 2200 de
180 2173 305 2200 metter
328 2168 454 2200 dentro
476 2168 488 2199 i
511 2169 562 2201 soi
585 2169 707 2201 nemisi
731 2175 766 2200 et
789 2169 918 2209 6113631-
942 2172 986 2201 de
1011 2169 1113 2200 fuora
1138 2169 1247 2211 quilli‚
1265 2169 1328 2201 che
1354 2169 1385 2200 la
1403 2169 1569 2202 deffende
1587 2176 1621 2202 et
1636 2171 1781 2212 guarda.
1821 2171 1865 2202 Et
1888 2171 1960 2202 cosi

47 2223 87 2253 35
113 2232 149 2254 56
173 2221 262 2263 parti
286 2222 296 2252 i
322 2221 547 2254 ambaxadori
564 2222 609 2254 da
625 2223 769 2254 Vinesia
793 2232 899 2263 senca
923 2223 1172 2264 complimento
1189 2222 1234 2254 de
1260 2234 1353 2263 pase.
1390 2223 1487 2254 Etfo
1504 2223 1536 2254 le
1553 2224 1705 2265 preditte
1722 2234 1802 2256 cose
1821 2224 1856 2256 di
1877 2224 1962 2255 mesi

113 2275 156 2306 de
181 2280 301 2317 agosto
326 2281 360 2306 et
381 2275 423 2307 de
447 2276 642 2317 septembre
666 2276 701 2307 in
726 2276 821 2307 mille
845 2282 997 2308 tresento
1023 2277 1208 2308 desenove.

201 2381 253 2412 81.
279 2381 357 2422 [40].
382 2399 422 2404 —
448 2382 681 2414 Succedando
706 2382 736 2414 16
761 2392 841 2414 cose
866 2383 910 2415 de
935 2382 970 2414 di
993 2383 1029 2414 in
1063 2382 1097 2414 d}
1130 2383 1188 2424 pin
1212 2393 1387 2424 prospere-
1410 2394 1428 2414 a
1461 2393 1574 2415 meser
1604 2384 1681 2415 Can
1711 2389 1746 2415 et
1778 2384 1819 2424 ca
1851 2390 1959 2416 sotto-

110 2440 210 2476 posta
235 2433 410 2465 Citadella
433 2434 500 2466 alla
523 2445 584 2466 soa
607 2435 773 2478 signorm,
798 2436 953 2467 anchora
977 2436 1021 2467 da
1045 2436 1198 2467 Venesia
1222 2436 1258 2468 fo
1287 2435 1490 2467 remandadi
1514 2436 1742 2468 ambaxadori
1768 2447 1787 2468 a
1811 2438 1960 2468 cerchar

113 2488 156 2518 de
180 2498 274 2529 pase,
300 2488 309 2518 i
331 2487 436 2530 quali,
462 2488 581 2520 audidi
605 2489 718 2530 prima
743 2488 788 2521 da
812 2500 924 2520 meser
948 2490 1087 2521 Iacomo
1112 2490 1155 2520 da
1180 2490 1340 2526 Carrara,
1356 2489 1452 2530 plase
1469 2489 1527 2530 poi
1546 2490 1654 2521 dover
1678 2489 1787 2522 andar
1811 2502 1829 2521 3
1847 2501 1961 2522 meser

47 2541 88 2572 40
112 2540 186 2572 Can
211 2546 246 2572 et
270 2541 417 2572 cerchar
446 2541 490 2572 da
513 2541 560 2572 lui
584 2552 621 2573 se
646 2542 783 2574 l'animo
808 2552 846 2574 so
871 2543 965 2574 fosse
990 2554 1009 2574 a
1033 2543 1168 2574 volerse
1193 2543 1352 2573 inchinar
1376 2543 1443 2573 alla
1467 2553 1561 2584 pase.
1609 2542 1652 2573 Αἰ
1678 2543 1771 2585 quali
1800 2544 1961 2575 ambaxa-

111 2593 186 2626 dori
211 2604 321 2625 meser
345 2594 419 2626 Can
443 2604 584 2636 respose
609 2596 703 2627 voler
727 2596 790 2627 dar
813 2606 896 2638 pase
922 2607 940 2627 a
964 2607 1075 2627 meser
1097 2596 1239 2627 Iacomo
1264 2602 1298 2627 et
1322 2596 1354 2627 al
1379 2606 1503 2627 comun
1521 2596 1565 2627 de
1584 2596 1689 2633 pava,
1715 2608 1770 2629 ma
1792 2607 1858 2628 con
1876 2607 1960 2629 con-

111 2647 249 2679 dicione
275 2647 363 2678 assai
386 2647 445 2688 pin
468 2654 606 2689 streete,
632 2649 696 2680 che
722 2649 790 2681 ello
808 2660 853 2681 no
872 2649 981 2681 havea
998 2649 1172 2681 domanda
1190 2650 1234 2680 da
1249 2649 1371 2691 prima,
1392 2649 1424 2680 16
1443 2651 1523 2690 qual
1541 2649 1749 2681 condicione
1774 2660 1836 2691 per
1853 2650 1863 2680 i
1882 2650 1959 2682 ditti

111 2700 334 2732 ambaxadori
357 2706 499 2742 exposte
523 2701 556 2732 al
579 2702 667 2734 ditto
691 2713 802 2734 meser
825 2703 976 2743 Iacomo,
1000 2704 1155 2734 anchora
1178 2703 1225 2733 lui
1248 2702 1395 2734 rechuso
1422 2703 1451 2734 la
1476 2713 1570 2744 pase.
1616 2702 1679 2734 Mo
1703 2703 1867 2734 nodimen
1892 2703 1959 2734 ello

111 2753 285 2785 cerchava
307 2759 562 2798 secretamente
587 2754 642 2786 col
664 2761 765 2787 conte
790 2756 832 2787 de
859 2756 1013 2798 Goricia‚
1030 2766 1130 2788 como
1155 2755 1222 2786 elle
1246 2766 1282 2786 se
1300 2766 1456 2796 possesse
1475 2756 1662 2787 deffender
1682 2756 1775 2787 dalla
1790 2766 1959 2797 possanca

47 2805 86 2836 45
111 2806 155 2837 de
179 2817 291 2837 meser
315 2807 405 2841 Cam
431 2806 464 2837 13
487 2806 589 2838 finale
614 2814 770 2850 resposta
794 2808 851 2839 del
875 2809 956 2850 qual
981 2815 1084 2841 conte
1109 2808 1152 2840 de
1179 2808 1319 2840 Goricia
1338 2809 1373 2840 so
1391 2814 1522 2850 questa,
1540 2818 1659 2850 posses
1685 2818 1799 2840 meser
1820 2809 1960 2841 Iacomo

111 2858 157 2890 da
181 2859 329 2891 Carrara
352 2860 459 2892 haver
479 2860 525 2891 lui
550 2871 614 2902 per
638 2861 849 2900 deffensore,
875 2872 912 2894 56
937 2863 1004 2895 6110
1029 2863 1108 2894 vole
1133 2862 1359 2894 liberamente
1385 2863 1571 2904 consignar
1597 2862 1628 2893 13
1653 2862 1721 2894 cita
1738 2863 1782 2894 de
1806 2862 1899 2894 Pava
1921 2863 1957 2894 in

111 2912 144 2944 le
168 2922 226 2944 soe
248 2924 339 2950 man,
362 2913 560 2945 recevando
585 2914 702 2956 quella
724 2925 787 2956 per
811 2925 912 2947 nome
935 2914 994 2947 del
1017 2916 1102 2947 duse
1126 2916 1170 2947 de
1195 2914 1415 2956 Austoricho‚
1440 2926 1477 2947 re
1504 2916 1540 2947 di
1563 2915 1725 2954 Romani,
1754 2921 1789 2948 et
1805 2915 1870 2947 che
1895 2926 1958 2957 per

110 2972 232 3008 questo
258 2965 360 2998 modo
385 2966 454 2998 ello
479 2977 515 2998 se
540 2967 686 2999 offeriva
712 2968 756 3000 de
781 2968 877 3000 levar
901 2979 1012 3001 meser
1037 2969 1112 3001 Can
1136 2968 1179 3000 de
1205 2978 1328 3010 campo
1351 2975 1385 3000 et
1410 2969 1452 3000 de
1477 2969 1633 3001 restituit
1664 2968 1889 3000 liberamente
1921 2969 1956 3000 in
