2290 3449
295 353 333 375 so
364 343 492 379 ultimo,
524 342 562 374 fo
592 341 763 383 sepellido
794 350 936 383 apresso
961 341 970 371 i
1002 341 1079 372 ditti
1110 340 1193 371 irari

294 396 351 426 nel
375 395 554 426 millesimo
578 394 744 436 preditto,
770 394 828 425 del
851 404 943 425 mese
969 393 1012 425 de
1038 400 1192 425 octovre.

296 448 339 480 El
363 457 470 488 corpo
494 447 552 478 del
576 447 655 489 qual
679 455 791 478 meser
815 446 951 483 Nicolb‚
974 446 1033 488 poi
1050 447 1193 478 doman-

295 501 387 533 dado
412 500 443 531 31
469 500 545 532 (11111
561 499 644 531 frati
661 510 725 541 per
740 510 854 531 meser
876 499 1026 531 Ubertin
1051 500 1094 531 da
1110 498 1194 531 Car-

294 564 382 591 rara,
406 553 524 595 signor
546 553 590 585 de
615 552 711 584 Pava
730 558 763 584 et
780 563 816 585 so
841 562 983 594 german
1007 552 1114 590 cosin,
1131 562 1193 594 per

294 607 302 637 i
329 606 405 638 ditti
429 606 525 644 irari,
550 605 580 637 ie
602 605 638 638 fo
662 605 809 648 negado.
857 604 1054 646 Indignado
1081 616 1194 637 meser

294 659 442 691 Ubertin
460 659 525 690 che
549 658 571 689 'l
586 668 694 700 corpo
711 659 754 689 de
780 657 851 690 cosi
867 658 956 689 fatto
981 657 1083 689 homo
1100 658 1192 689 fosse

293 711 466 753 sepellido
490 711 592 743 fuora
617 711 653 743 di
671 712 715 742 tin
733 711 826 743 della
842 721 902 742 soa
919 711 1033 752 patria
1049 716 1083 744 et
1100 712 1193 752 lonci

296 766 374 797 dale
397 765 572 806 sepolture
596 764 653 796 dei
677 764 756 796 altri
779 762 886 795 nobili
912 764 956 794 de
980 764 1014 795 13
1037 774 1097 796 503
1115 774 1194 796 0353

296 819 341 851 da
356 817 516 855 Carrara,
540 817 792 848 incontenente
812 817 857 847 fe'
880 822 1006 848 metter
1022 817 1058 848 in
1075 817 1194 858 prison

296 872 372 903 tutti
395 872 406 903 i
429 872 484 902 fra
508 870 650 907 menori,
675 870 740 901 che
764 870 801 900 fo
826 869 964 901 trovadi
986 880 1006 900 a
1030 870 1136 907 Pava,
1160 876 1196 902 et

296 925 326 956 el
352 924 463 955 simile
487 923 582 955 fasea
606 924 649 954 de
675 923 775 964 quilli
799 922 863 953 che
887 932 1043 963 passava.
1089 922 1194 954 Unde

295 979 305 1009 i
323 977 408 1009 frari
425 977 470 1009 da
486 976 641 1013 Vinesia‚
655 974 836 1007 constretti
849 985 914 1015 pur
929 974 997 1006 alle
1010 975 1194 1018 preghiere

297 1032 332 1064 di
356 1030 409 1062 fra
433 1029 641 1071 destignudi,
665 1028 708 1059 de
734 1029 766 1059 el
790 1037 898 1069 corpo
930 1026 987 1058 del
1012 1028 1195 1070 magnifico

296 1094 409 1115 meser
434 1082 560 1114 Ν1001ὸ
586 1083 630 1113 (13
658 1080 807 1112 Carrara
837 1091 857 1111 a
891 1090 1004 1112 meser
1034 1080 1195 1113 Ubertin.

298 1137 341 1169 El
365 1136 444 1178 qual
467 1136 614 1177 portado
638 1145 658 1166 a
684 1134 788 1171 Pava,
812 1134 845 1165 el
869 1133 1055 1176 magnifico
1086 1144 1198 1166 meser

297 1189 445 1222 Ubertin
476 1188 513 1220 in
546 1188 710 1229 despecto
742 1187 778 1218 di
809 1187 863 1217 fra
896 1186 1031 1218 menori
1064 1187 1197 1218 ordeni>

298 1253 391 1274 esser
414 1241 537 1283 sepelli
563 1250 704 1281 apresso
735 1240 747 1270 i
772 1240 825 1271 fra
854 1238 1070 1280 predicatori
1094 1239 1127 1270 in
1151 1250 1197 1271 un

298 1295 389 1327 bello
413 1300 648 1332 monumento,
672 1294 707 1324 in
725 1293 755 1324 la
771 1293 893 1335 ghiesa
909 1293 953 1324 de
970 1297 1083 1324 santto
1102 1291 1196 1336 Ago-

298 1349 366 1383 stin
392 1349 437 1381 da
461 1348 563 1380 Pava.

298 1479 447 1512 XXVII.
478 1497 512 1501 —
538 1477 653 1509 stlescr
677 1476 837 1508 lllarsilio
860 1475 1001 1518 grande
1032 1476 1077 1507 da
1110 1475 1197 1507 Car-

387 1542 482 1564 rara.

392 1638 463 1670 109.
487 1636 588 1678 [109J.
613 1654 654 1659 —
679 1633 841 1668 succede
866 1634 945 1667 fiolo
969 1646 989 1667 a
1005 1644 1120 1666 meser
1136 1633 1201 1666 Pa-

298 1702 450 1734 rencano
466 1691 485 1722 ¹.
533 1688 667 1727 Questo
684 1689 809 1720 mesier
831 1687 1003 1727 Marsilio,
1019 1698 1064 1720 no
1081 1687 1202 1720 voian-

300 1746 346 1777 do
369 1745 478 1776 instar
508 1743 576 1774 alla
604 1752 665 1773 soa
696 1733 949 1773 innumerabile
979 1741 1132 1782 richeca,
1164 1741 1201 1772 fo

301 1798 405 1830 homo
429 1796 474 1829 de
497 1802 592 1829 tanta
616 1794 771 1831 vertude,
796 1804 903 1826 senno
928 1799 963 1826 et
986 1794 1200 1832 antivedere,

302 1851 378 1888 che,
410 1850 531 1882 siando
555 1848 710 1880 citadino
735 1848 779 1879 de
803 1847 908 1887 pava,
933 1847 1002 1878 ello
1027 1858 1071 1879 no
1095 1857 1202 1888 posea

301 1914 380 1936 men
412 1904 446 1935 in
473 1903 505 1934 13
530 1902 616 1934 (11113
640 1907 732 1933 10113
757 1902 825 1932 0113
847 1900 968 1932 siando
993 1901 1144 1943 signore,
1169 1907 1204 1933 et

302 1957 455 1989 anchora
477 1954 656 1987 habiando
681 1954 841 1985 alienada
863 1954 897 1985 13
920 1953 1007 1985 ditta
1032 1960 1133 1990 terra,
1158 1965 1202 1985 no

301 2020 423 2052 possea
448 2019 525 2041 men
552 2008 585 2039 in
618 2007 734 2049 quella
758 2007 824 2038 cha
849 2006 970 2038 siando
994 2008 1063 2039 ella
1087 2008 1120 2038 in
1144 2018 1204 2039 soa

301 2063 485 2095 libertade.
532 2063 582 2094 Fo
599 2060 760 2092 eciandio
778 2060 939 2091 fervente
958 2061 1124 2092 amadore
1147 2059 1202 2092 del

302 2117 369 2149 ben
395 2126 520 2148 comun
545 2120 579 2146 et
604 2114 697 2145 della
720 2112 893 2144 libertade
922 2112 1012 2144 della
1044 2114 1130 2145 ditta
1155 2113 1202 2145 01-

647 210 819 245 GESTA
845 209 1154 246 «MAGNIFICA
1182 208 1368 244 DOMUS
1397 208 1792 245 CARRARIENSIS

1246 340 1363 377 Cuius,
1402 349 1529 381 corpus
1568 339 1702 372 eisdem
1738 341 1906 373 fratribus
1942 352 1962 372 a
2000 340 2142 373 domino

1248 392 1430 430 Uberfino,
1461 392 1536 424 eius
1565 403 1742 435 germano,
1775 395 1906 426 deinde
1940 394 2144 436 requisitum

1246 445 1311 487 ipsi
1336 445 1476 476 domino
1500 445 1672 478 Ubertino
1689 446 1732 478 ab
1746 446 1832 487 ipsis
1847 447 2014 479 fratribus
2038 448 2144 478 dene-

1246 505 1356 541 gatur.
1396 497 1600 540 Indignatus
1624 499 1783 530 dominus
1806 499 1996 532 Ubertinus
2020 510 2146 541 corpus

1246 551 1331 584 tanti
1364 550 1428 581 viri
1460 551 1563 593 longe
1594 562 1614 583 a
1646 552 1852 592 corporibus
1875 559 2079 596 agnatorum
2112 559 2146 584 et

1247 610 1344 637 extra
1361 604 1446 635 fines
1457 605 1569 645 patrie
1584 604 1758 645 sepultum
1775 605 1871 638 iubet
1882 606 2008 638 fratres
2026 615 2146 636 omnes

1246 658 1397 689 minores
1413 656 1532 689 Padue
1549 663 1706 698 repertos
1718 658 1908 694 carcerari;
1927 660 2040 701 deque
2054 665 2147 690 tran-

1246 710 1424 742 seuntibus
1445 711 1565 741 statuit
1583 710 1670 741 illud
1685 709 1790 741 idem.
1823 710 1927 743 Unde
1944 712 2058 743 coacti
2074 713 2144 742 fra-

1247 770 1316 795 tres
1333 763 1376 795 de
1393 762 1554 794 Venetiis
1568 763 1614 794 ad
1630 773 1755 804 preces
1772 764 1915 794 fratrum
1931 763 2146 796 detentorum

1247 827 1375 858 corpus
1397 811 1582 858 magnifici⁴
1596 815 1728 847 domini
1752 815 1893 848 Nicolai
1917 816 1959 848 de
1985 815 2147 848 Carraria

1248 869 1390 901 domino
1424 868 1596 901 Ubertino
1631 867 1862 900 tradiderunt.
1899 868 2004 907 Quod
2029 870 2146 902 Padue

1248 923 1433 954 advectum
1468 922 1670 964 magnificus
1701 922 1861 953 dominus
1891 922 2082 955 Ubertinus
2112 923 2147 954 in

1249 981 1484 1016 contemptum
1508 975 1655 1006 fratrum
1685 975 1855 1006 minorum
1880 975 1913 1006 in
1938 976 2088 1007 ecclesia
2112 975 2148 1008 S.

1251 1028 1434 1071 Augustini
1458 1028 1501 1060 de
1526 1028 1646 1060 Padua
1662 1028 1755 1069 apud
1772 1028 2013 1069 predicatores
2032 1030 2149 1061 statuit

1249 1081 1285 1112 in
1309 1081 1455 1122 pulchro
1480 1087 1701 1113 monumento
1729 1081 1904 1113 collocari.

1252 1475 1401 1509 XXVII.
1418 1494 1460 1498 —
1476 1475 1643 1508 Dominus
1657 1476 1834 1508 Mamilius
1846 1477 1998 1518 grandis
2013 1478 2053 1508 de
2067 1477 2152 1509 Car-

1342 1539 1450 1561 rana.

1345 1636 1416 1668 109.
1440 1635 1543 1676 [109].
1570 1654 1612 1658 —
1634 1635 1743 1668 Filius
1774 1635 1915 1668 domino
1947 1635 2151 1678 Perencano

1252 1689 1429 1721 successit.
1462 1688 1702 1721 Successionis
1720 1688 1818 1720 cuius
1831 1688 1919 1721 illud
1932 1698 1998 1732 ego
2016 1694 2153 1731 tempus

1252 1741 1447 1784 legentibus
1463 1744 1574 1778 trado,
1591 1741 1685 1783 quod
1702 1741 1850 1783 primum
1869 1741 1904 1772 in
1921 1741 2030 1783 ipsius
2046 1740 2153 1775 docu-

1255 1794 1379 1826 mentis
1403 1794 1589 1836 comperio,
1608 1804 1700 1825 anno
1717 1793 1855 1826 Domini
1880 1795 2017 1826 scilicet
2041 1795 2153 1827 mille-

1254 1847 1340 1878 simo
1364 1846 1610 1879 trecentesimo
1634 1846 1803 1890 vigesimo
1821 1853 1953 1889 quarto.
1994 1847 2058 1879 Vir
2076 1848 2152 1886 iste,

1256 1901 1291 1932 in
1321 1910 1453 1932 summo
1483 1905 1666 1941 parentum
1698 1900 1838 1941 genitus
1869 1900 2069 1942 splendore,
2108 1903 2155 1933 ad

1255 1960 1379 1985 etatem
1403 1953 1538 1985 virilem
1563 1953 1716 1985 feliciter
1741 1953 1921 1991 educatus,
1940 1964 2003 1995 pre
2028 1954 2154 1986 ceteris

1256 2006 1412 2038 Marchie
1437 2005 1610 2037 nobilibus
1634 2016 1737 2047 opum
1762 2005 1889 2047 polluit
1921 2006 2058 2047 [Cetera
2085 2006 2152 2048 (ce.

1261 2059 1416 2100 109-150)
1431 2060 1673 2101 subsequuntur
1689 2063 1794 2102 prout
1809 2061 1844 2091 in
1859 2060 1891 2092 A
1908 2060 1975 2100 (cc.
1996 2061 2069 2092 109-
2080 2061 2154 2102 150)

1256 2113 1364 2145 variis
1387 2113 1579 2144 lectionibus
1604 2113 1725 2144 ibidem
1749 2114 1922 2155 exaratis]-

305 2170 397 2207 tade,
423 2169 455 2199 la
479 2168 560 2208 qual
585 2178 666 2198 cosa
690 2166 756 2198 ello
780 2166 909 2197 11105110
934 2166 1170 2207 palesemente
1189 2167 1280 2199 nella
1303 2176 1439 2208 guerra,
1464 2166 1528 2197 che
1553 2166 1590 2197 fo
1608 2173 1659 2197 tra
1676 2177 1784 2197 meser
1809 2167 1884 2199 Can
1909 2168 2043 2210 grande
2061 2167 2155 2199 dalla

304 2223 408 2255 Scala
425 2227 459 2253 et
482 2222 493 2252 i
517 2220 660 2256 Pavani,
685 2230 726 2261 ςο
750 2220 777 2251 51
802 2219 820 2250 ὲ
843 2219 918 2259 che,
943 2219 1119 2251 habiando
1144 2220 1176 2251 el
1193 2220 1380 2262 magnifico
1406 2229 1519 2250 meser
1536 2219 1663 2251 Nicolb
1681 2220 1725 2251 da
1743 2218 1893 2251 Carrara
1910 2230 1976 2252 con
1994 2221 2004 2251 i
2021 2220 2154 2253 Pavani

2179 816 2217 846 10

2181 1080 2218 1113 15

2177 1349 2219 1380 20

2183 2010 2225 2042 30

302 2276 419 2313 insidi,
444 2275 507 2306 che
533 2284 594 2305 era
618 2284 683 2304 con
709 2273 766 2310 lui,
792 2283 858 2305 con
882 2272 1034 2305 l’alturio
1059 2273 1102 2304 de
1128 2284 1241 2305 meser
1264 2273 1338 2305 Can
1363 2271 1546 2303 assediada
1570 2272 1602 2303 la
1628 2273 1695 2304 cita
1719 2273 1762 2304 de
1787 2272 1893 2309 Pava,
1922 2283 1966 2305 no
1990 2275 2148 2315 vecando
2172 2274 2214 2306 35

305 2330 373 2361 ben
399 2329 430 2360 el
462 2326 652 2359 sovraditto
686 2325 854 2363 Mamilio,
888 2336 988 2357 como
1013 2326 1043 2358 el
1073 2336 1229 2367 possesse
1261 2325 1445 2357 deffender
1477 2325 1534 2357 dal
1559 2325 1646 2357 ditto
1672 2335 1786 2357 meser
1810 2326 1937 2358 Nicolo
1962 2326 1994 2358 la
2018 2327 2086 2358 cita
2109 2328 2153 2358 de

306 2383 412 2419 Pava,
437 2392 507 2413 non
531 2380 739 2424 guardando
764 2379 808 2411 ad
834 2379 938 2421 algun
962 2379 1122 2422 perigolo
1149 2380 1192 2411 de
1217 2389 1276 2411 soa
1299 2388 1460 2420 persona,
1485 2388 1589 2419 senca
1614 2378 1646 2409 el
1670 2379 1771 2420 quale
1796 2386 1999 2422 granmente
2016 2379 2083 2411 ello
2109 2391 2154 2412 no

308 2447 377 2474 era,
396 2434 660 2477 acompagnado
685 2434 729 2464 de
754 2433 908 2474 Fillippo
933 2433 978 2464 da
996 2433 1144 2475 Peraga‚
1169 2433 1213 2464 de
1238 2431 1432 2464 Aicardino
1449 2432 1706 2464 Cavodevacha
1731 2438 1765 2463 et
1789 2432 1869 2464 altri
1893 2432 2023 2474 plusori
2045 2432 2155 2465 nobili

304 2490 354 2521 soi
379 2489 488 2527 amisi,
513 2489 547 2519 di
571 2487 664 2530 quali
691 2487 757 2518 ello
782 2487 841 2528 piu
866 2497 901 2518 se
927 2487 1051 2527 fidava,
1076 2486 1224 2518 fasando
1249 2485 1283 2517 13
1306 2485 1362 2517 via
1385 2495 1446 2526 per
1464 2485 1590 2527 l'aspro
1608 2491 1726 2517 monte
1744 2486 1838 2517 dalle
1862 2485 1984 2523 Crose,
2009 2487 2153 2518 cavalco

306 2544 341 2574 in
366 2543 563 2583 Alemagna
588 2541 716 2571 inseme
741 2550 807 2571 con
831 2550 944 2571 meser
974 2539 1018 2571 de
1052 2540 1266 2582 Ovestagno.
1313 2538 1357 2569 Et
1389 2538 1511 2570 siando
1537 2538 1570 2575 li,
1594 2538 1621 2569 51
1646 2549 1776 2580 expose
1805 2539 1838 2570 le
1869 2540 2028 2582 angustie
2058 2546 2091 2571 et
2123 2539 2154 2572 le

306 2595 444 2627 miserie
470 2594 505 2626 di
530 2593 660 2625 Pavani
685 2593 825 2634 oppresi
850 2592 883 2623 31
908 2592 991 2624 (11150
1017 2593 1060 2624 (10
1085 2592 1281 2629 Κ3111111113,
1306 2592 1338 2623 01
1363 2591 1464 2633 quale
1490 2591 1597 2623 allora
1621 2601 1722 2623 sovra
1746 2603 1803 2623 era
1828 2592 1966 2635 signore
1991 2592 2059 2624 alla
2091 2592 2160 2625 0113

308 2649 352 2680 (13
377 2648 482 2685 Ρ3ν3,
508 2653 541 2678 et
566 2653 664 2678 tanto
687 2656 795 2687 sappe
820 2646 895 2676 fare
921 2646 977 2677 col
1001 2656 1039 2677 so
1063 2655 1172 2677 senno
1196 2650 1229 2676 et
1253 2654 1317 2677 con
1342 2644 1375 2675 la
1400 2653 1460 2675 soa
1484 2644 1661 2682 facundia,
1686 2645 1776 2676 delle
1802 2645 1882 2687 qual
1908 2645 1953 2677 do
1983 2655 2062 2677 cose
2087 2645 2155 2678 ello

399 2778 404 2793 ¹
427 2779 449 2802 Il
471 2777 579 2803 Ceoldo
601 2777 721 2809 (Albero,
741 2786 766 2810 p.
781 2782 812 2808 55
834 2776 906 2808 sgg.)
927 2778 962 2800 ha
991 2785 1005 2801 a
1030 2777 1202 2800 esuberauza

308 2823 483 2846 dimostrato
505 2822 531 2845 13
551 2821 741 2844 discendcnza
761 2821 789 2844 di
811 2820 944 2844 Marsilio
964 2821 999 2844 (13
1014 2820 1179 2843 Perenzano
1193 2827 1207 2842 e

309 2865 338 2888 di
357 2866 457 2895 questo
478 2863 512 2887 da
533 2863 665 2886 Marsilio
685 2863 715 2886 (11
735 2863 875 2887 Giacomo
890 2863 911 2886 il
927 2862 1053 2891 vecchio.
1069 2862 1113 2885 del
1128 2869 1207 2885 ramo

309 2912 464 2933 carrarese;
485 2906 520 2929 ha
541 2904 638 2936 percio
659 2905 712 2929 ben
732 2905 864 2928 stabilito
879 2905 898 2928 il
913 2904 1003 2936 grado
1017 2904 1044 2927 di
1062 2904 1207 2935 parentela

309 2955 361 2971 con
377 2948 396 2971 il
412 2949 506 2980 primo
521 2947 639 2978 signore
653 2947 679 2970 di
697 2946 819 2977 padova,
835 2945 976 2970 Giacomo
991 2947 1011 2970 il
1026 2946 1143 2978 grande,
1157 2953 1208 2969 suo

309 2990 479 3014 ascendente
492 2998 521 3014 ex
531 2993 622 3020 patre.
662 2990 699 3013 Le
719 2989 893 3021 travagliate
913 2988 1032 3013 vicende
1046 2988 1120 3012 della
1147 2989 1208 3012 vita

1258 2775 1378 2806 politIca
1389 2775 1417 2798 lo
1430 2777 1586 2806 portarono
1598 2776 1623 2799 ai
1635 2776 1721 2807 primi
1734 2776 1817 2799 onori
1830 2776 1913 2799 entro
1923 2780 1937 2797 e
1950 2774 2028 2798 fuori
2039 2775 2067 2798 la
2078 2773 2158 2803 cittii,

1263 2818 1373 2841 nemico
1394 2818 1494 2848 prima,
1514 2817 1729 2842 collaboratore
1756 2818 1814 2849 poi,
1840 2825 1854 2841 e
1881 2816 1968 2841 101100
1993 2817 2160 2841 avversario

1262 2866 1365 2883 ant-ora
1386 2859 1463 2890 degli
1482 2860 1628 2891 scaligeri,
1648 2868 1698 2891 per
1717 2866 1885 2883 conservare
1905 2861 1983 2883 sotto
1997 2866 2053 2882 una
2068 2859 2159 2883 forma

1263 2909 1280 2925 ο
1308 2901 1431 2925 un'altra
1460 2901 1480 2924 il
1508 2902 1691 2933 prcdominio
1719 2904 1748 2925 in
1779 2899 1849 2925 citt&
1877 2908 1934 2925 non
1964 2901 2093 2925 soltanto
2121 2902 2160 2924 ri-

1262 2945 1356 2976 spetto
1376 2944 1435 2975 agli
1457 2945 1598 2974 stranieri,
1621 2952 1664 2968 ma
1683 2944 1773 2968 anche
1788 2945 1816 2968 in
1831 2943 1987 2968 confronto
2002 2943 2077 2975 degli
2092 2943 2158 2968 altri

1263 2987 1381 3011 membri
1401 2987 1476 3011 della
1498 2987 1637 3019 samiglia,
1657 2987 1722 3011 suoi
1742 2987 1846 3012 nemicl
1865 2994 1878 3010 c
1899 2986 2089 3011 concorrenti-

2179 2542 2220 2572 40

2190 2908 2221 2925 10
