<?xml version="1.0" encoding="UTF-8"?>
<!DOCTYPE html PUBLIC "-//W3C//DTD XHTML 1.0 Transitional//EN"
    "http://www.w3.org/TR/xhtml1/DTD/xhtml1-transitional.dtd">
<html xmlns="http://www.w3.org/1999/xhtml" xml:lang="en" lang="en">
 <head>
  <title>
</title>
<meta http-equiv="Content-Type" content="text/html;charset=utf-8" />
  <meta name='ocr-system' content='tesseract 3.04.00' />
  <meta name='ocr-capabilities' content='ocr_page ocr_carea ocr_par ocr_line ocrx_word'/>
</head>
<body>
  <div class='ocr_page' id='page_1' title='image "./p1f14rerumitalica17murauoft_0017.png"; bbox 0 0 2290 3449; ppageno 0'>
   <div class='ocr_carea' id='block_1_1' title="bbox 77 883 114 913">
    <p class='ocr_par' dir='ltr' id='par_1_1' title="bbox 77 883 114 913">
     <span class='ocr_line' id='line_1_1' title="bbox 77 883 114 913; baseline 0 0"><span class='ocrx_word' id='word_1_1' title='bbox 77 883 114 913; x_wconf 89' lang='lat'>10</span> 
     </span>
    </p>
   </div>
   <div class='ocr_carea' id='block_1_2' title="bbox 78 1155 114 1187">
    <p class='ocr_par' dir='ltr' id='par_1_2' title="bbox 78 1155 114 1187">
     <span class='ocr_line' id='line_1_2' title="bbox 78 1155 114 1187; baseline 0 0"><span class='ocrx_word' id='word_1_2' title='bbox 78 1155 114 1187; x_wconf 91' lang='lat' dir='ltr'>l5</span> 
     </span>
    </p>
   </div>
   <div class='ocr_carea' id='block_1_3' title="bbox 73 1424 114 1455">
    <p class='ocr_par' dir='ltr' id='par_1_3' title="bbox 73 1424 114 1455">
     <span class='ocr_line' id='line_1_3' title="bbox 73 1424 114 1455; baseline 0.024 -1"><span class='ocrx_word' id='word_1_3' title='bbox 73 1424 114 1455; x_wconf 84' lang='lat'>20</span> 
     </span>
    </p>
   </div>
   <div class='ocr_carea' id='block_1_4' title="bbox 74 1689 114 1721">
    <p class='ocr_par' dir='ltr' id='par_1_4' title="bbox 74 1689 114 1721">
     <span class='ocr_line' id='line_1_4' title="bbox 74 1689 114 1721; baseline 0 0"><span class='ocrx_word' id='word_1_4' title='bbox 74 1689 114 1721; x_wconf 87' lang='lat'>25</span> 
     </span>
    </p>
   </div>
   <div class='ocr_carea' id='block_1_5' title="bbox 76 2012 117 2043">
    <p class='ocr_par' dir='ltr' id='par_1_5' title="bbox 76 2012 117 2043">
     <span class='ocr_line' id='line_1_5' title="bbox 76 2012 117 2043; baseline -0.024 0"><span class='ocrx_word' id='word_1_5' title='bbox 76 2012 117 2043; x_wconf 84' lang='lat'>30</span> 
     </span>
    </p>
   </div>
   <div class='ocr_carea' id='block_1_6' title="bbox 82 2308 116 2348">
    <p class='ocr_par' dir='ltr' id='par_1_6' title="bbox 82 2308 116 2348">
     <span class='ocr_line' id='line_1_6' title="bbox 82 2308 116 2348; baseline -0.029 0"><span class='ocrx_word' id='word_1_6' title='bbox 82 2308 116 2348; x_wconf 70' lang='lat'>:2⁴5</span> 
     </span>
    </p>
   </div>
   <div class='ocr_carea' id='block_1_7' title="bbox 86 2544 120 2569">
    <p class='ocr_par' dir='ltr' id='par_1_7' title="bbox 86 2544 120 2569">
     <span class='ocr_line' id='line_1_7' title="bbox 86 2544 120 2569; baseline 0 0"><span class='ocrx_word' id='word_1_7' title='bbox 86 2544 120 2569; x_wconf 70' lang='lat'>40</span> 
     </span>
    </p>
   </div>
   <div class='ocr_carea' id='block_1_8' title="bbox 88 2765 121 2792">
    <p class='ocr_par' dir='ltr' id='par_1_8' title="bbox 88 2765 121 2792">
     <span class='ocr_line' id='line_1_8' title="bbox 88 2765 121 2792; baseline -0.03 0"><span class='ocrx_word' id='word_1_8' title='bbox 88 2765 121 2792; x_wconf 76' lang='lat'>45</span> 
     </span>
    </p>
   </div>
   <div class='ocr_carea' id='block_1_9' title="bbox 1911 205 1984 239">
    <p class='ocr_par' dir='ltr' id='par_1_9' title="bbox 1911 205 1984 239">
     <span class='ocr_line' id='line_1_9' title="bbox 1911 205 1984 239; baseline 0.027 -2"><span class='ocrx_word' id='word_1_9' title='bbox 1911 205 1984 239; x_wconf 79' lang='lat'>219</span> 
     </span>
    </p>
   </div>
   <div class='ocr_carea' id='block_1_10' title="bbox 497 202 1633 248">
    <p class='ocr_par' dir='ltr' id='par_1_10' title="bbox 497 202 1633 248">
     <span class='ocr_line' id='line_1_10' title="bbox 497 202 1633 248; baseline -0.007 -1"><span class='ocrx_word' id='word_1_10' title='bbox 497 211 669 248; x_wconf 88' lang='lat' dir='ltr'>GESTA</span> <span class='ocrx_word' id='word_1_11' title='bbox 697 202 1002 245; x_wconf 70' lang='lat' dir='ltr'>MAGNisicA</span> <span class='ocrx_word' id='word_1_12' title='bbox 1030 206 1216 243; x_wconf 88' lang='lat' dir='ltr'>DOMUS</span> <span class='ocrx_word' id='word_1_13' title='bbox 1245 205 1633 240; x_wconf 81' lang='lat' dir='ltr'>CARRAR1ENs1s</span> 
     </span>
    </p>
   </div>
   <div class='ocr_carea' id='block_1_11' title="bbox 143 336 1990 463">
    <p class='ocr_par' dir='ltr' id='par_1_11' title="bbox 143 336 1990 463">
     <span class='ocr_line' id='line_1_11' title="bbox 145 336 1989 376; baseline -0.006 -6"><span class='ocrx_word' id='word_1_14' title='bbox 145 348 254 375; x_wconf 79' lang='lat' dir='ltr'>inveni,</span> <span class='ocrx_word' id='word_1_15' title='bbox 274 346 333 371; x_wconf 87' lang='lat' dir='ltr'>nisi</span> <span class='ocrx_word' id='word_1_16' title='bbox 355 346 428 369; x_wconf 84' lang='lat' dir='ltr'>forte</span> <span class='ocrx_word' id='word_1_17' title='bbox 447 345 478 368; x_wconf 92' lang='lat' dir='ltr'>in</span> <span class='ocrx_word' id='word_1_18' title='bbox 498 343 623 376; x_wconf 88' lang='lat' dir='ltr'>punctis,</span> <span class='ocrx_word' id='word_1_19' title='bbox 641 343 770 375; x_wconf 83' lang='lat' dir='ltr'><strong>syllabis,</strong></span> <span class='ocrx_word' id='word_1_20' title='bbox 790 342 899 366; x_wconf 85' lang='lat' dir='ltr'>litteris</span> <span class='ocrx_word' id='word_1_21' title='bbox 919 342 946 365; x_wconf 91' lang='lat' dir='ltr'>et</span> <span class='ocrx_word' id='word_1_22' title='bbox 965 338 1230 372; x_wconf 81' lang='lat' dir='ltr'><strong>compositionibus</strong></span> <span class='ocrx_word' id='word_1_23' title='bbox 1250 338 1413 362; x_wconf 87' lang='lat' dir='ltr'>litterarum</span> <span class='ocrx_word' id='word_1_24' title='bbox 1426 338 1453 360; x_wconf 86' lang='lat' dir='ltr'>et</span> <span class='ocrx_word' id='word_1_25' title='bbox 1468 337 1641 368; x_wconf 74' lang='lat' dir='ltr'>syllabarum</span> <span class='ocrx_word' id='word_1_26' title='bbox 1656 337 1849 363; x_wconf 71' lang='lat' dir='ltr'>substanciam</span> <span class='ocrx_word' id='word_1_27' title='bbox 1870 336 1989 360; x_wconf 79' lang='lat' dir='ltr'>mininie</span> 
     </span>
     <span class='ocr_line' id='line_1_12' title="bbox 145 381 1990 421; baseline -0.007 -6"><span class='ocrx_word' id='word_1_28' title='bbox 145 391 332 421; x_wconf 85' lang='lat' dir='ltr'>varlantibus,</span> <span class='ocrx_word' id='word_1_29' title='bbox 354 391 484 414; x_wconf 82' lang='lat' dir='ltr'>currente</span> <span class='ocrx_word' id='word_1_30' title='bbox 504 395 580 413; x_wconf 90' lang='lat' dir='ltr'>anno</span> <span class='ocrx_word' id='word_1_31' title='bbox 600 388 711 412; x_wconf 86' lang='lat' dir='ltr'>domini</span> <span class='ocrx_word' id='word_1_32' title='bbox 733 387 825 411; x_wconf 83' lang='lat' dir='ltr'>nostri</span> <span class='ocrx_word' id='word_1_33' title='bbox 839 387 904 418; x_wconf 86' lang='lat' dir='ltr'>Jesu</span> <span class='ocrx_word' id='word_1_34' title='bbox 924 385 1034 410; x_wconf 84' lang='lat' dir='ltr'>Christi</span> <span class='ocrx_word' id='word_1_35' title='bbox 1055 383 1210 407; x_wconf 88' lang='lat' dir='ltr'>millesimo</span> <span class='ocrx_word' id='word_1_36' title='bbox 1236 382 1438 406; x_wconf 84' lang='lat' dir='ltr'>trecentesimo</span> <span class='ocrx_word' id='word_1_37' title='bbox 1464 381 1676 413; x_wconf 83' lang='lat' dir='ltr'>septuagesimo</span> <span class='ocrx_word' id='word_1_38' title='bbox 1703 383 1814 412; x_wconf 84' lang='lat' dir='ltr'>quinto,</span> <span class='ocrx_word' id='word_1_39' title='bbox 1842 381 1990 404; x_wconf 85' lang='lat' dir='ltr'>indicione</span> 
     </span>
     <span class='ocr_line' id='line_1_13' title="bbox 143 426 1988 463; baseline -0.006 -4"><span class='ocrx_word' id='word_1_40' title='bbox 143 435 351 463; x_wconf 80' lang='lat' dir='ltr'>tertiadecima,</span> <span class='ocrx_word' id='word_1_41' title='bbox 371 434 419 458; x_wconf 85' lang='lat' dir='ltr'>die</span> <span class='ocrx_word' id='word_1_42' title='bbox 437 434 550 457; x_wconf 85' lang='lat' dir='ltr'>veneris</span> <span class='ocrx_word' id='word_1_43' title='bbox 569 433 680 457; x_wconf 86' lang='lat' dir='ltr'>decimo</span> <span class='ocrx_word' id='word_1_44' title='bbox 700 434 803 456; x_wconf 84' lang='lat' dir='ltr'>octavo</span> <span class='ocrx_word' id='word_1_45' title='bbox 831 431 936 455; x_wconf 81' lang='lat' dir='ltr'>mensis</span> <span class='ocrx_word' id='word_1_46' title='bbox 956 430 1034 458; x_wconf 84' lang='lat' dir='ltr'>maii,</span> <span class='ocrx_word' id='word_1_47' title='bbox 1053 428 1156 456; x_wconf 67' lang='lat' dir='ltr'>Parme,</span> <span class='ocrx_word' id='word_1_48' title='bbox 1183 428 1213 450; x_wconf 84' lang='lat' dir='ltr'>in</span> <span class='ocrx_word' id='word_1_49' title='bbox 1239 427 1352 450; x_wconf 88' lang='lat' dir='ltr'>comuni</span> <span class='ocrx_word' id='word_1_50' title='bbox 1380 426 1496 458; x_wconf 82' lang='lat' dir='ltr'>palacii,</span> <span class='ocrx_word' id='word_1_51' title='bbox 1522 426 1569 449; x_wconf 89' lang='lat' dir='ltr'>ubi</span> <span class='ocrx_word' id='word_1_52' title='bbox 1590 427 1634 458; x_wconf 82' lang='lat' dir='ltr'>jus</span> <span class='ocrx_word' id='word_1_53' title='bbox 1657 426 1794 454; x_wconf 77' lang='lat' dir='ltr'>redditur,</span> <span class='ocrx_word' id='word_1_54' title='bbox 1821 426 1855 449; x_wconf 85' lang='lat' dir='ltr'>ad</span> <span class='ocrx_word' id='word_1_55' title='bbox 1881 426 1988 449; x_wconf 84' lang='lat' dir='ltr'>dictum</span> 
     </span>
    </p>
   </div>
   <div class='ocr_carea' id='block_1_12' title="bbox 144 470 1992 551">
    <p class='ocr_par' dir='ltr' id='par_1_12' title="bbox 144 470 1992 551">
     <span class='ocr_line' id='line_1_14' title="bbox 144 470 1990 509; baseline -0.007 -5"><span class='ocrx_word' id='word_1_56' title='bbox 144 480 254 504; x_wconf 89' lang='lat' dir='ltr'>discum</span> <span class='ocrx_word' id='word_1_57' title='bbox 273 479 426 508; x_wconf 81' lang='lat' dir='ltr'>Draconis,</span> <span class='ocrx_word' id='word_1_58' title='bbox 446 478 625 509; x_wconf 79' lang='lat' dir='ltr'>presentibus</span> <span class='ocrx_word' id='word_1_59' title='bbox 646 477 778 508; x_wconf 65' lang='lat' dir='ltr'>Ricardo,</span> <span class='ocrx_word' id='word_1_60' title='bbox 799 476 924 503; x_wconf 85' lang='lat' dir='ltr'>notario,</span> <span class='ocrx_word' id='word_1_61' title='bbox 944 473 1089 506; x_wconf 86' lang='lat' dir='ltr'>quondam</span> <span class='ocrx_word' id='word_1_62' title='bbox 1110 473 1136 496; x_wconf 89' lang='lat' dir='ltr'>d.</span> <span class='ocrx_word' id='word_1_63' title='bbox 1150 472 1291 503; x_wconf 86' lang='lat' dir='ltr'>Johannis</span> <span class='ocrx_word' id='word_1_64' title='bbox 1311 470 1344 494; x_wconf 89' lang='lat' dir='ltr'>de</span> <span class='ocrx_word' id='word_1_65' title='bbox 1364 470 1546 501; x_wconf 80' lang='lat' dir='ltr'>Lenguaciis,</span> <span class='ocrx_word' id='word_1_66' title='bbox 1566 470 1598 492; x_wconf 82' lang='lat' dir='ltr'>de</span> <span class='ocrx_word' id='word_1_67' title='bbox 1618 472 1750 494; x_wconf 82' lang='lat' dir='ltr'>contrata</span> <span class='ocrx_word' id='word_1_68' title='bbox 1770 470 1868 501; x_wconf 88' lang='lat' dir='ltr'>pontis</span> <span class='ocrx_word' id='word_1_69' title='bbox 1883 470 1990 493; x_wconf 80' lang='lat' dir='ltr'>Molen-</span> 
     </span>
     <span class='ocr_line' id='line_1_15' title="bbox 145 514 1992 551; baseline -0.006 -3"><span class='ocrx_word' id='word_1_70' title='bbox 145 524 278 548; x_wconf 77' lang='lat' dir='ltr'>diuorum</span> <span class='ocrx_word' id='word_1_71' title='bbox 299 523 332 547; x_wconf 89' lang='lat' dir='ltr'>de</span> <span class='ocrx_word' id='word_1_72' title='bbox 351 523 457 550; x_wconf 84' lang='lat' dir='ltr'>Padua,</span> <span class='ocrx_word' id='word_1_73' title='bbox 478 523 505 546; x_wconf 84' lang='lat' dir='ltr'>et</span> <span class='ocrx_word' id='word_1_74' title='bbox 523 521 698 546; x_wconf 84' lang='lat' dir='ltr'>Petrocorvo</span> <span class='ocrx_word' id='word_1_75' title='bbox 719 521 752 545; x_wconf 89' lang='lat' dir='ltr'>de</span> <span class='ocrx_word' id='word_1_76' title='bbox 771 521 819 551; x_wconf 84' lang='lat' dir='ltr'>Pe,</span> <span class='ocrx_word' id='word_1_77' title='bbox 840 520 963 549; x_wconf 80' lang='lat' dir='ltr'>notario,</span> <span class='ocrx_word' id='word_1_78' title='bbox 984 518 1045 541; x_wconf 85' lang='lat' dir='ltr'>fillo</span> <span class='ocrx_word' id='word_1_79' title='bbox 1066 524 1109 541; x_wconf 89' lang='lat' dir='ltr'>ser</span> <span class='ocrx_word' id='word_1_80' title='bbox 1129 516 1258 547; x_wconf 85' lang='lat' dir='ltr'>Ugulini,</span> <span class='ocrx_word' id='word_1_81' title='bbox 1279 515 1313 538; x_wconf 84' lang='lat' dir='ltr'>de</span> <span class='ocrx_word' id='word_1_82' title='bbox 1339 516 1470 538; x_wconf 79' lang='lat' dir='ltr'>contrata</span> <span class='ocrx_word' id='word_1_83' title='bbox 1490 514 1625 538; x_wconf 86' lang='lat' dir='ltr'>Omnium</span> <span class='ocrx_word' id='word_1_84' title='bbox 1646 514 1814 538; x_wconf 81' lang='lat' dir='ltr'>Sanctorum</span> <span class='ocrx_word' id='word_1_85' title='bbox 1836 515 1868 537; x_wconf 74' lang='lat' dir='ltr'>dc</span> <span class='ocrx_word' id='word_1_86' title='bbox 1888 514 1992 543; x_wconf 77' lang='lat' dir='ltr'>Padua,</span> 
     </span>
    </p>
   </div>
   <div class='ocr_carea' id='block_1_13' title="bbox 142 559 1778 598">
    <p class='ocr_par' dir='ltr' id='par_1_13' title="bbox 142 559 1778 598">
     <span class='ocr_line' id='line_1_16' title="bbox 142 559 1778 598; baseline -0.007 -6"><span class='ocrx_word' id='word_1_87' title='bbox 142 569 275 598; x_wconf 82' lang='lat' dir='ltr'>notariis,</span> <span class='ocrx_word' id='word_1_88' title='bbox 293 567 467 592; x_wconf 79' lang='lat' dir='ltr'>testibus-ac</span> <span class='ocrx_word' id='word_1_89' title='bbox 487 567 577 591; x_wconf 85' lang='lat' dir='ltr'>sociis</span> <span class='ocrx_word' id='word_1_90' title='bbox 596 567 631 590; x_wconf 85' lang='lat' dir='ltr'>ad</span> <span class='ocrx_word' id='word_1_91' title='bbox 651 566 761 590; x_wconf 87' lang='lat' dir='ltr'>dictum</span> <span class='ocrx_word' id='word_1_92' title='bbox 780 565 889 589; x_wconf 81' lang='lat' dir='ltr'>discum</span> <span class='ocrx_word' id='word_1_93' title='bbox 911 563 1061 592; x_wconf 84' lang='lat' dir='ltr'>Draconis,</span> <span class='ocrx_word' id='word_1_94' title='bbox 1083 562 1131 593; x_wconf 92' lang='lat' dir='ltr'>qui</span> <span class='ocrx_word' id='word_1_95' title='bbox 1153 567 1210 584; x_wconf 89' lang='lat' dir='ltr'>una</span> <span class='ocrx_word' id='word_1_96' title='bbox 1229 567 1336 584; x_wconf 74' lang='lat' dir='ltr'>mecum</span> <span class='ocrx_word' id='word_1_97' title='bbox 1356 559 1487 591; x_wconf 78' lang='lat' dir='ltr'>legerunt</span> <span class='ocrx_word' id='word_1_98' title='bbox 1507 561 1535 582; x_wconf 88' lang='lat' dir='ltr'>et</span> <span class='ocrx_word' id='word_1_99' title='bbox 1554 559 1778 582; x_wconf 64' lang='lat' dir='ltr'>ascultaverunt.</span> 
     </span>
    </p>
   </div>
   <div class='ocr_carea' id='block_1_14' title="bbox 271 684 907 727">
    <p class='ocr_par' dir='ltr' id='par_1_14' title="bbox 271 684 907 727">
     <span class='ocr_line' id='line_1_17' title="bbox 271 684 907 727; baseline -0.006 -8"><span class='ocrx_word' id='word_1_100' title='bbox 271 687 351 719; x_wconf 84' lang='lat' dir='ltr'>XX.</span> <span class='ocrx_word' id='word_1_101' title='bbox 377 705 417 709; x_wconf 97' lang='lat'><strong>—</strong></span> <span class='ocrx_word' id='word_1_102' title='bbox 443 686 610 718; x_wconf 79' lang='lat' dir='ltr'>Dominus</span> <span class='ocrx_word' id='word_1_103' title='bbox 637 685 788 727; x_wconf 82' lang='lat' dir='ltr'>Albrigo</span> <span class='ocrx_word' id='word_1_104' title='bbox 811 684 907 716; x_wconf 83' lang='lat' dir='ltr'>Lion.</span> 
     </span>
    </p>
   </div>
   <div class='ocr_carea' id='block_1_15' title="bbox 141 780 1042 1188">
    <p class='ocr_par' dir='ltr' id='par_1_15' title="bbox 141 780 1042 1188">
     <span class='ocr_line' id='line_1_18' title="bbox 231 780 1039 825; baseline -0.006 -10"><span class='ocrx_word' id='word_1_105' title='bbox 231 784 282 816; x_wconf 90' lang='lat'>65.</span> <span class='ocrx_word' id='word_1_106' title='bbox 307 784 386 825; x_wconf 82' lang='lat'>[251.</span> <span class='ocrx_word' id='word_1_107' title='bbox 409 801 453 807; x_wconf 87' lang='lat'>—-</span> <span class='ocrx_word' id='word_1_108' title='bbox 475 782 637 815; x_wconf 75' lang='lat' dir='ltr'>Succede</span> <span class='ocrx_word' id='word_1_109' title='bbox 661 783 742 814; x_wconf 90' lang='lat' dir='ltr'>fiolo</span> <span class='ocrx_word' id='word_1_110' title='bbox 759 792 779 812; x_wconf 87' lang='lat' dir='ltr'>a</span> <span class='ocrx_word' id='word_1_111' title='bbox 803 792 914 812; x_wconf 87' lang='lat' dir='ltr'>meser</span> <span class='ocrx_word' id='word_1_112' title='bbox 931 780 1039 812; x_wconf 88' lang='lat' dir='ltr'>Fran-</span> 
     </span>
     <span class='ocr_line' id='line_1_19' title="bbox 143 832 1040 878; baseline -0.008 -9"><span class='ocrx_word' id='word_1_113' title='bbox 143 847 246 869; x_wconf 86' lang='lat' dir='ltr'>cesco</span> <span class='ocrx_word' id='word_1_114' title='bbox 271 838 315 869; x_wconf 83' lang='lat' dir='ltr'>de</span> <span class='ocrx_word' id='word_1_115' title='bbox 340 836 521 869; x_wconf 84' lang='lat' dir='ltr'>Carrara¹.</span> <span class='ocrx_word' id='word_1_116' title='bbox 560 837 611 868; x_wconf 86' lang='lat' dir='ltr'>De</span> <span class='ocrx_word' id='word_1_117' title='bbox 628 841 749 878; x_wconf 87' lang='lat' dir='ltr'>questo</span> <span class='ocrx_word' id='word_1_118' title='bbox 766 843 878 865; x_wconf 88' lang='lat' dir='ltr'>meser</span> <span class='ocrx_word' id='word_1_119' title='bbox 894 832 1040 874; x_wconf 86' lang='lat' dir='ltr'>Albrigo</span> 
     </span>
     <span class='ocr_line' id='line_1_20' title="bbox 141 886 1040 931; baseline -0.006 -9"><span class='ocrx_word' id='word_1_120' title='bbox 141 890 231 923; x_wconf 88' lang='lat' dir='ltr'>Lion</span> <span class='ocrx_word' id='word_1_121' title='bbox 254 891 288 922; x_wconf 90' lang='lat' dir='ltr'>io</span> <span class='ocrx_word' id='word_1_122' title='bbox 306 897 404 923; x_wconf 90' lang='lat' dir='ltr'>trovo</span> <span class='ocrx_word' id='word_1_123' title='bbox 428 901 471 922; x_wconf 92' lang='lat' dir='ltr'>ne</span> <span class='ocrx_word' id='word_1_124' title='bbox 496 891 610 921; x_wconf 86' lang='lat' dir='ltr'>l‘anno</span> <span class='ocrx_word' id='word_1_125' title='bbox 627 889 684 922; x_wconf 90' lang='lat' dir='ltr'>del</span> <span class='ocrx_word' id='word_1_126' title='bbox 709 888 838 931; x_wconf 83' lang='lat' dir='ltr'>Signor</span> <span class='ocrx_word' id='word_1_127' title='bbox 860 886 954 918; x_wconf 88' lang='lat' dir='ltr'>mille</span> <span class='ocrx_word' id='word_1_128' title='bbox 978 886 1040 917; x_wconf 93' lang='lat' dir='ltr'>du-</span> 
     </span>
     <span class='ocr_line' id='line_1_21' title="bbox 142 941 1042 983; baseline -0.006 -8"><span class='ocrx_word' id='word_1_129' title='bbox 142 950 240 975; x_wconf 84' lang='lat' dir='ltr'>sento</span> <span class='ocrx_word' id='word_1_130' title='bbox 256 951 408 975; x_wconf 85' lang='lat' dir='ltr'>nonanta</span> <span class='ocrx_word' id='word_1_131' title='bbox 423 950 495 976; x_wconf 89' lang='lat' dir='ltr'>otto</span> <span class='ocrx_word' id='word_1_132' title='bbox 511 943 618 974; x_wconf 88' lang='lat' dir='ltr'>haver</span> <span class='ocrx_word' id='word_1_133' title='bbox 634 941 820 983; x_wconf 89' lang='lat' dir='ltr'>comprade</span> <span class='ocrx_word' id='word_1_134' title='bbox 845 946 940 972; x_wconf 84' lang='lat' dir='ltr'>certe</span> <span class='ocrx_word' id='word_1_135' title='bbox 963 949 1042 981; x_wconf 89' lang='lat' dir='ltr'>pos-</span> 
     </span>
     <span class='ocr_line' id='line_1_22' title="bbox 141 992 1041 1034; baseline -0.006 -6"><span class='ocrx_word' id='word_1_136' title='bbox 141 996 273 1028; x_wconf 87' lang='lat' dir='ltr'>session</span> <span class='ocrx_word' id='word_1_137' title='bbox 296 997 353 1028; x_wconf 90' lang='lat' dir='ltr'>nel</span> <span class='ocrx_word' id='word_1_138' title='bbox 376 996 489 1029; x_wconf 88' lang='lat' dir='ltr'>confin</span> <span class='ocrx_word' id='word_1_139' title='bbox 514 995 592 1027; x_wconf 86' lang='lat' dir='ltr'>dela</span> <span class='ocrx_word' id='word_1_140' title='bbox 616 994 698 1026; x_wconf 89' lang='lat' dir='ltr'>villa</span> <span class='ocrx_word' id='word_1_141' title='bbox 715 994 758 1026; x_wconf 91' lang='lat' dir='ltr'>de</span> <span class='ocrx_word' id='word_1_142' title='bbox 784 994 854 1026; x_wconf 89' lang='lat' dir='ltr'>San</span> <span class='ocrx_word' id='word_1_143' title='bbox 878 992 954 1025; x_wconf 88' lang='lat' dir='ltr'>Siro</span> <span class='ocrx_word' id='word_1_144' title='bbox 978 1004 1041 1034; x_wconf 89' lang='lat' dir='ltr'>per</span> 
     </span>
     <span class='ocr_line' id='line_1_23' title="bbox 143 1046 1041 1092; baseline -0.003 -11"><span class='ocrx_word' id='word_1_145' title='bbox 143 1050 228 1081; x_wconf 86' lang='lat' dir='ltr'>livre</span> <span class='ocrx_word' id='word_1_146' title='bbox 245 1050 477 1092; x_wconf 87' lang='lat' dir='ltr'>cinquecento</span> <span class='ocrx_word' id='word_1_147' title='bbox 495 1049 539 1080; x_wconf 92' lang='lat' dir='ltr'>de</span> <span class='ocrx_word' id='word_1_148' title='bbox 557 1058 669 1079; x_wconf 86' lang='lat' dir='ltr'>meser</span> <span class='ocrx_word' id='word_1_149' title='bbox 685 1047 787 1080; x_wconf 84' lang='lat' dir='ltr'>Piero</span> <span class='ocrx_word' id='word_1_150' title='bbox 801 1053 835 1079; x_wconf 85' lang='lat' dir='ltr'>et</span> <span class='ocrx_word' id='word_1_151' title='bbox 846 1046 1041 1084; x_wconf 81' lang='lat' dir='ltr'>Profiliaso,</span> 
     </span>
     <span class='ocr_line' id='line_1_24' title="bbox 143 1100 1041 1143; baseline -0.001 -10"><span class='ocrx_word' id='word_1_152' title='bbox 143 1103 293 1141; x_wconf 76' lang='lat' dir='ltr'>fradelli,</span> <span class='ocrx_word' id='word_1_153' title='bbox 325 1103 395 1135; x_wconf 87' lang='lat' dir='ltr'>fioli</span> <span class='ocrx_word' id='word_1_154' title='bbox 427 1103 490 1134; x_wconf 89' lang='lat' dir='ltr'>che</span> <span class='ocrx_word' id='word_1_155' title='bbox 522 1102 559 1133; x_wconf 74' lang='lat' dir='ltr'>fo</span> <span class='ocrx_word' id='word_1_156' title='bbox 590 1102 634 1132; x_wconf 92' lang='lat' dir='ltr'>de</span> <span class='ocrx_word' id='word_1_157' title='bbox 666 1111 779 1132; x_wconf 89' lang='lat' dir='ltr'>meser</span> <span class='ocrx_word' id='word_1_158' title='bbox 808 1100 965 1143; x_wconf 85' lang='lat' dir='ltr'>Henrigo</span> <span class='ocrx_word' id='word_1_159' title='bbox 997 1100 1041 1132; x_wconf 90' lang='lat' dir='ltr'>de</span> 
     </span>
     <span class='ocr_line' id='line_1_25' title="bbox 144 1153 675 1188; baseline 0 -2"><span class='ocrx_word' id='word_1_160' title='bbox 144 1154 326 1188; x_wconf 87' lang='lat' dir='ltr'>Profiliaso</span> <span class='ocrx_word' id='word_1_161' title='bbox 350 1156 394 1188; x_wconf 91' lang='lat' dir='ltr'>da</span> <span class='ocrx_word' id='word_1_162' title='bbox 418 1153 488 1186; x_wconf 87' lang='lat' dir='ltr'>San</span> <span class='ocrx_word' id='word_1_163' title='bbox 512 1153 675 1186; x_wconf 88' lang='lat' dir='ltr'>Matthio.</span> 
     </span>
    </p>
   </div>
   <div class='ocr_carea' id='block_1_16' title="bbox 144 1847 1046 2255">
    <p class='ocr_par' dir='ltr' id='par_1_16' title="bbox 144 1847 1046 2255">
     <span class='ocr_line' id='line_1_26' title="bbox 234 1847 1044 1889; baseline 0.002 -11"><span class='ocrx_word' id='word_1_164' title='bbox 234 1847 286 1880; x_wconf 90' lang='lat'>66.</span> <span class='ocrx_word' id='word_1_165' title='bbox 308 1866 347 1872; x_wconf 93' lang='lat'>—</span> <span class='ocrx_word' id='word_1_166' title='bbox 368 1847 596 1880; x_wconf 87' lang='lat' dir='ltr'>Instrumento</span> <span class='ocrx_word' id='word_1_167' title='bbox 621 1848 665 1879; x_wconf 89' lang='lat' dir='ltr'>de</span> <span class='ocrx_word' id='word_1_168' title='bbox 689 1847 934 1889; x_wconf 78' lang='lat' dir='ltr'>l&#39;infrascripte</span> <span class='ocrx_word' id='word_1_169' title='bbox 964 1857 1044 1889; x_wconf 91' lang='lat' dir='ltr'>pos-</span> 
     </span>
     <span class='ocr_line' id='line_1_27' title="bbox 144 1900 1042 1942; baseline 0 -10"><span class='ocrx_word' id='word_1_170' title='bbox 144 1901 286 1938; x_wconf 85' lang='lat' dir='ltr'>session,</span> <span class='ocrx_word' id='word_1_171' title='bbox 310 1901 374 1934; x_wconf 89' lang='lat' dir='ltr'>che</span> <span class='ocrx_word' id='word_1_172' title='bbox 400 1911 478 1942; x_wconf 74' lang='lat' dir='ltr'>case</span> <span class='ocrx_word' id='word_1_173' title='bbox 503 1901 538 1933; x_wconf 86' lang='lat' dir='ltr'>in</span> <span class='ocrx_word' id='word_1_174' title='bbox 561 1901 595 1933; x_wconf 93' lang='lat'>10</span> <span class='ocrx_word' id='word_1_175' title='bbox 627 1901 743 1933; x_wconf 89' lang='lat' dir='ltr'>confin</span> <span class='ocrx_word' id='word_1_176' title='bbox 774 1900 855 1932; x_wconf 85' lang='lat' dir='ltr'>dela</span> <span class='ocrx_word' id='word_1_177' title='bbox 885 1901 968 1933; x_wconf 87' lang='lat' dir='ltr'>villa</span> <span class='ocrx_word' id='word_1_178' title='bbox 999 1902 1042 1933; x_wconf 88' lang='lat' dir='ltr'>de</span> 
     </span>
     <span class='ocr_line' id='line_1_28' title="bbox 145 1952 1044 1996; baseline 0.001 -11"><span class='ocrx_word' id='word_1_179' title='bbox 145 1952 216 1985; x_wconf 89' lang='lat' dir='ltr'>San</span> <span class='ocrx_word' id='word_1_180' title='bbox 239 1953 319 1992; x_wconf 88' lang='lat' dir='ltr'>Siri,</span> <span class='ocrx_word' id='word_1_181' title='bbox 343 1955 530 1996; x_wconf 90' lang='lat' dir='ltr'>comprade</span> <span class='ocrx_word' id='word_1_182' title='bbox 554 1965 617 1996; x_wconf 90' lang='lat' dir='ltr'>per</span> <span class='ocrx_word' id='word_1_183' title='bbox 640 1964 751 1986; x_wconf 91' lang='lat' dir='ltr'>meser</span> <span class='ocrx_word' id='word_1_184' title='bbox 777 1953 923 1996; x_wconf 83' lang='lat' dir='ltr'>Albrigo</span> <span class='ocrx_word' id='word_1_185' title='bbox 955 1955 1044 1987; x_wconf 90' lang='lat' dir='ltr'>Lion</span> 
     </span>
     <span class='ocr_line' id='line_1_29' title="bbox 146 2007 1044 2044; baseline 0.002 -6"><span class='ocrx_word' id='word_1_186' title='bbox 146 2007 226 2039; x_wconf 91' lang='lat' dir='ltr'>fiolo</span> <span class='ocrx_word' id='word_1_187' title='bbox 250 2007 293 2038; x_wconf 94' lang='lat' dir='ltr'>de</span> <span class='ocrx_word' id='word_1_188' title='bbox 317 2016 430 2039; x_wconf 87' lang='lat' dir='ltr'>meser</span> <span class='ocrx_word' id='word_1_189' title='bbox 460 2008 669 2044; x_wconf 86' lang='lat' dir='ltr'>Francesco,</span> <span class='ocrx_word' id='word_1_190' title='bbox 700 2008 764 2039; x_wconf 89' lang='lat' dir='ltr'>che</span> <span class='ocrx_word' id='word_1_191' title='bbox 789 2008 825 2040; x_wconf 79' lang='lat' dir='ltr'>fo</span> <span class='ocrx_word' id='word_1_192' title='bbox 858 2008 901 2039; x_wconf 89' lang='lat' dir='ltr'>de</span> <span class='ocrx_word' id='word_1_193' title='bbox 932 2019 1044 2040; x_wconf 90' lang='lat' dir='ltr'>meser</span> 
     </span>
     <span class='ocr_line' id='line_1_30' title="bbox 146 2059 1043 2102; baseline 0 -10"><span class='ocrx_word' id='word_1_194' title='bbox 146 2061 353 2094; x_wconf 89' lang='lat' dir='ltr'>Pieroconte</span> <span class='ocrx_word' id='word_1_195' title='bbox 382 2061 427 2092; x_wconf 86' lang='lat' dir='ltr'>da</span> <span class='ocrx_word' id='word_1_196' title='bbox 457 2059 616 2097; x_wconf 83' lang='lat' dir='ltr'>carrara,</span> <span class='ocrx_word' id='word_1_197' title='bbox 647 2072 710 2102; x_wconf 86' lang='lat' dir='ltr'>per</span> <span class='ocrx_word' id='word_1_198' title='bbox 741 2061 856 2102; x_wconf 88' lang='lat' dir='ltr'>presio</span> <span class='ocrx_word' id='word_1_199' title='bbox 881 2061 924 2092; x_wconf 89' lang='lat' dir='ltr'>de</span> <span class='ocrx_word' id='word_1_200' title='bbox 956 2061 1043 2093; x_wconf 88' lang='lat' dir='ltr'>livre</span> 
     </span>
     <span class='ocr_line' id='line_1_31' title="bbox 146 2114 1044 2158; baseline -0.001 -11"><span class='ocrx_word' id='word_1_201' title='bbox 146 2116 380 2158; x_wconf 89' lang='lat' dir='ltr'>cinquecento</span> <span class='ocrx_word' id='word_1_202' title='bbox 397 2115 440 2146; x_wconf 79' lang='lat' dir='ltr'>da</span> <span class='ocrx_word' id='word_1_203' title='bbox 456 2124 568 2146; x_wconf 82' lang='lat' dir='ltr'>meser</span> <span class='ocrx_word' id='word_1_204' title='bbox 584 2114 687 2146; x_wconf 91' lang='lat' dir='ltr'>Piero</span> <span class='ocrx_word' id='word_1_205' title='bbox 707 2120 741 2146; x_wconf 91' lang='lat' dir='ltr'>et</span> <span class='ocrx_word' id='word_1_206' title='bbox 757 2114 950 2152; x_wconf 86' lang='lat' dir='ltr'>Profiliaso‚</span> <span class='ocrx_word' id='word_1_207' title='bbox 974 2116 1044 2146; x_wconf 81' lang='lat' dir='ltr'>fra—</span> 
     </span>
     <span class='ocr_line' id='line_1_32' title="bbox 146 2168 1046 2211; baseline -0.001 -11"><span class='ocrx_word' id='word_1_208' title='bbox 146 2168 241 2205; x_wconf 80' lang='lat' dir='ltr'>delli,</span> <span class='ocrx_word' id='word_1_209' title='bbox 265 2168 333 2201; x_wconf 86' lang='lat' dir='ltr'>fioli</span> <span class='ocrx_word' id='word_1_210' title='bbox 351 2169 417 2201; x_wconf 91' lang='lat' dir='ltr'>che</span> <span class='ocrx_word' id='word_1_211' title='bbox 434 2169 471 2201; x_wconf 77' lang='lat' dir='ltr'>fo</span> <span class='ocrx_word' id='word_1_212' title='bbox 493 2169 537 2200; x_wconf 92' lang='lat' dir='ltr'>de</span> <span class='ocrx_word' id='word_1_213' title='bbox 553 2177 668 2200; x_wconf 84' lang='lat' dir='ltr'>meser</span> <span class='ocrx_word' id='word_1_214' title='bbox 684 2168 840 2211; x_wconf 87' lang='lat' dir='ltr'>Henrigo</span> <span class='ocrx_word' id='word_1_215' title='bbox 865 2168 908 2200; x_wconf 91' lang='lat' dir='ltr'>de</span> <span class='ocrx_word' id='word_1_216' title='bbox 933 2179 1046 2200; x_wconf 89' lang='lat' dir='ltr'>meser</span> 
     </span>
     <span class='ocr_line' id='line_1_33' title="bbox 145 2220 683 2255; baseline -0.002 -1"><span class='ocrx_word' id='word_1_217' title='bbox 145 2222 325 2255; x_wconf 86' lang='lat' dir='ltr'>Profiliaso</span> <span class='ocrx_word' id='word_1_218' title='bbox 349 2222 394 2254; x_wconf 90' lang='lat' dir='ltr'>da</span> <span class='ocrx_word' id='word_1_219' title='bbox 418 2222 488 2254; x_wconf 88' lang='lat' dir='ltr'>San</span> <span class='ocrx_word' id='word_1_220' title='bbox 511 2220 646 2253; x_wconf 85' lang='lat' dir='ltr'>Mathio</span> <span class='ocrx_word' id='word_1_221' title='bbox 660 2220 683 2253; x_wconf 81' lang='lat'>².</span> 
     </span>
    </p>
   </div>
   <div class='ocr_carea' id='block_1_17' title="bbox 1231 677 1851 711">
    <p class='ocr_par' dir='ltr' id='par_1_17' title="bbox 1231 677 1851 711">
     <span class='ocr_line' id='line_1_34' title="bbox 1231 677 1851 711; baseline -0.005 0"><span class='ocrx_word' id='word_1_222' title='bbox 1231 679 1310 711; x_wconf 90' lang='lat' dir='ltr'>XX.</span> <span class='ocrx_word' id='word_1_223' title='bbox 1336 697 1379 700; x_wconf 82' lang='lat'>—</span> <span class='ocrx_word' id='word_1_224' title='bbox 1403 678 1566 710; x_wconf 77' lang='lat' dir='ltr'>Dominus</span> <span class='ocrx_word' id='word_1_225' title='bbox 1591 677 1748 709; x_wconf 73' lang='lat' dir='ltr'>Albricas</span> <span class='ocrx_word' id='word_1_226' title='bbox 1774 678 1851 709; x_wconf 83' lang='lat' dir='ltr'>Leo.</span> 
     </span>
    </p>
   </div>
   <div class='ocr_carea' id='block_1_18' title="bbox 1093 774 1995 1782">
    <p class='ocr_par' dir='ltr' id='par_1_18' title="bbox 1093 774 1995 1782">
     <span class='ocr_line' id='line_1_35' title="bbox 1185 774 1992 817; baseline -0.002 -10"><span class='ocrx_word' id='word_1_227' title='bbox 1185 776 1224 808; x_wconf 89' lang='lat'>65</span> <span class='ocrx_word' id='word_1_228' title='bbox 1249 776 1329 817; x_wconf 84' lang='lat'>[25].</span> <span class='ocrx_word' id='word_1_229' title='bbox 1355 794 1395 798; x_wconf 92' lang='lat'><strong>—</strong></span> <span class='ocrx_word' id='word_1_230' title='bbox 1420 775 1527 807; x_wconf 90' lang='lat' dir='ltr'>Filius</span> <span class='ocrx_word' id='word_1_231' title='bbox 1555 775 1589 806; x_wconf 92' lang='lat' dir='ltr'>d.</span> <span class='ocrx_word' id='word_1_232' title='bbox 1620 774 1808 806; x_wconf 82' lang='lat' dir='ltr'>Francisco</span> <span class='ocrx_word' id='word_1_233' title='bbox 1841 775 1884 805; x_wconf 89' lang='lat' dir='ltr'>de</span> <span class='ocrx_word' id='word_1_234' title='bbox 1907 776 1992 807; x_wconf 86' lang='lat' dir='ltr'>Car-</span> 
     </span>
     <span class='ocr_line' id='line_1_36' title="bbox 1093 828 1991 870; baseline -0.002 -8"><span class='ocrx_word' id='word_1_235' title='bbox 1093 831 1184 862; x_wconf 85' lang='lat' dir='ltr'>raria</span> <span class='ocrx_word' id='word_1_236' title='bbox 1195 829 1374 866; x_wconf 83' lang='lat' dir='ltr'>successit;</span> <span class='ocrx_word' id='word_1_237' title='bbox 1390 829 1488 861; x_wconf 86' lang='lat' dir='ltr'>cuius</span> <span class='ocrx_word' id='word_1_238' title='bbox 1500 828 1727 860; x_wconf 75' lang='lat' dir='ltr'>successionis</span> <span class='ocrx_word' id='word_1_239' title='bbox 1740 833 1885 869; x_wconf 87' lang='lat' dir='ltr'>tempus,</span> <span class='ocrx_word' id='word_1_240' title='bbox 1900 829 1991 870; x_wconf 92' lang='lat' dir='ltr'>quod</span> 
     </span>
     <span class='ocr_line' id='line_1_37' title="bbox 1094 880 1993 925; baseline -0.004 -10"><span class='ocrx_word' id='word_1_241' title='bbox 1094 883 1138 916; x_wconf 90' lang='lat' dir='ltr'>de</span> <span class='ocrx_word' id='word_1_242' title='bbox 1162 883 1237 924; x_wconf 89' lang='lat' dir='ltr'>ipso</span> <span class='ocrx_word' id='word_1_243' title='bbox 1260 883 1443 925; x_wconf 87' lang='lat' dir='ltr'>loquentes</span> <span class='ocrx_word' id='word_1_244' title='bbox 1467 882 1595 913; x_wconf 87' lang='lat' dir='ltr'>docent</span> <span class='ocrx_word' id='word_1_245' title='bbox 1620 880 1773 918; x_wconf 83' lang='lat' dir='ltr'>codices,</span> <span class='ocrx_word' id='word_1_246' title='bbox 1798 887 1832 912; x_wconf 90' lang='lat' dir='ltr'>et</span> <span class='ocrx_word' id='word_1_247' title='bbox 1857 891 1921 923; x_wconf 78' lang='lat' dir='ltr'>ego</span> <span class='ocrx_word' id='word_1_248' title='bbox 1947 881 1993 912; x_wconf 87' lang='lat' dir='ltr'>le-</span> 
     </span>
     <span class='ocr_line' id='line_1_38' title="bbox 1094 934 1992 980; baseline -0.004 -12"><span class='ocrx_word' id='word_1_249' title='bbox 1094 936 1255 980; x_wconf 81' lang='lat' dir='ltr'>gentibus</span> <span class='ocrx_word' id='word_1_250' title='bbox 1279 935 1464 968; x_wconf 86' lang='lat' dir='ltr'>adhibebo.</span> <span class='ocrx_word' id='word_1_251' title='bbox 1506 934 1649 967; x_wconf 83' lang='lat' dir='ltr'>Constat</span> <span class='ocrx_word' id='word_1_252' title='bbox 1673 944 1821 976; x_wconf 86' lang='lat' dir='ltr'>namque</span> <span class='ocrx_word' id='word_1_253' title='bbox 1839 944 1915 965; x_wconf 90' lang='lat' dir='ltr'>eum</span> <span class='ocrx_word' id='word_1_254' title='bbox 1934 945 1992 965; x_wconf 83' lang='lat' dir='ltr'>an-</span> 
     </span>
     <span class='ocr_line' id='line_1_39' title="bbox 1095 987 1992 1029; baseline -0.006 -6"><span class='ocrx_word' id='word_1_255' title='bbox 1095 1002 1139 1023; x_wconf 91' lang='lat' dir='ltr'>no</span> <span class='ocrx_word' id='word_1_256' title='bbox 1156 990 1294 1022; x_wconf 89' lang='lat' dir='ltr'>Domini</span> <span class='ocrx_word' id='word_1_257' title='bbox 1311 989 1493 1021; x_wconf 84' lang='lat' dir='ltr'>millesimo</span> <span class='ocrx_word' id='word_1_258' title='bbox 1510 987 1749 1020; x_wconf 85' lang='lat' dir='ltr'>ducentesimo</span> <span class='ocrx_word' id='word_1_259' title='bbox 1770 987 1992 1029; x_wconf 84' lang='lat' dir='ltr'>nonagesimo</span> 
     </span>
     <span class='ocr_line' id='line_1_40' title="bbox 1095 1040 1994 1083; baseline -0.009 -5"><span class='ocrx_word' id='word_1_260' title='bbox 1095 1050 1219 1078; x_wconf 87' lang='lat' dir='ltr'>octavo</span> <span class='ocrx_word' id='word_1_261' title='bbox 1234 1044 1417 1075; x_wconf 86' lang='lat' dir='ltr'>multarum</span> <span class='ocrx_word' id='word_1_262' title='bbox 1441 1041 1616 1083; x_wconf 86' lang='lat' dir='ltr'>emptione</span> <span class='ocrx_word' id='word_1_263' title='bbox 1633 1040 1899 1082; x_wconf 83' lang='lat' dir='ltr'>possessionum,</span> <span class='ocrx_word' id='word_1_264' title='bbox 1924 1040 1994 1081; x_wconf 89' lang='lat' dir='ltr'>pri-</span> 
     </span>
     <span class='ocr_line' id='line_1_41' title="bbox 1095 1092 1994 1138; baseline -0.006 -9"><span class='ocrx_word' id='word_1_265' title='bbox 1095 1109 1150 1137; x_wconf 86' lang='lat' dir='ltr'>ma</span> <span class='ocrx_word' id='word_1_266' title='bbox 1173 1097 1257 1129; x_wconf 88' lang='lat' dir='ltr'>licet</span> <span class='ocrx_word' id='word_1_267' title='bbox 1287 1095 1495 1138; x_wconf 79' lang='lat' dir='ltr'>perdivitem</span> <span class='ocrx_word' id='word_1_268' title='bbox 1520 1093 1726 1131; x_wconf 83' lang='lat' dir='ltr'>hereditate,</span> <span class='ocrx_word' id='word_1_269' title='bbox 1757 1092 1823 1124; x_wconf 86' lang='lat' dir='ltr'>sibi</span> <span class='ocrx_word' id='word_1_270' title='bbox 1853 1104 1872 1124; x_wconf 90' lang='lat' dir='ltr'>a</span> <span class='ocrx_word' id='word_1_271' title='bbox 1896 1099 1994 1135; x_wconf 89' lang='lat' dir='ltr'>patre</span> 
     </span>
     <span class='ocr_line' id='line_1_42' title="bbox 1095 1146 1994 1195; baseline -0.007 -12"><span class='ocrx_word' id='word_1_272' title='bbox 1095 1152 1226 1195; x_wconf 85' lang='lat' dir='ltr'>legatas</span> <span class='ocrx_word' id='word_1_273' title='bbox 1265 1150 1461 1191; x_wconf 83' lang='lat' dir='ltr'>applicasse</span> <span class='ocrx_word' id='word_1_274' title='bbox 1500 1148 1668 1183; x_wconf 82' lang='lat' dir='ltr'>fortunas,</span> <span class='ocrx_word' id='word_1_275' title='bbox 1701 1147 1744 1178; x_wconf 89' lang='lat' dir='ltr'>de</span> <span class='ocrx_word' id='word_1_276' title='bbox 1777 1147 1900 1189; x_wconf 86' lang='lat' dir='ltr'>quibus</span> <span class='ocrx_word' id='word_1_277' title='bbox 1932 1146 1994 1178; x_wconf 81' lang='lat' dir='ltr'>etsi</span> 
     </span>
     <span class='ocr_line' id='line_1_43' title="bbox 1095 1200 1995 1245; baseline -0.007 -9"><span class='ocrx_word' id='word_1_278' title='bbox 1095 1204 1203 1236; x_wconf 86' lang='lat' dir='ltr'>multa</span> <span class='ocrx_word' id='word_1_279' title='bbox 1234 1209 1353 1245; x_wconf 85' lang='lat' dir='ltr'>patent</span> <span class='ocrx_word' id='word_1_280' title='bbox 1382 1201 1622 1238; x_wconf 81' lang='lat' dir='ltr'>instrumenta,</span> <span class='ocrx_word' id='word_1_281' title='bbox 1652 1200 1763 1232; x_wconf 90' lang='lat' dir='ltr'>solum</span> <span class='ocrx_word' id='word_1_282' title='bbox 1794 1200 1888 1242; x_wconf 91' lang='lat' dir='ltr'>quod</span> <span class='ocrx_word' id='word_1_283' title='bbox 1912 1200 1995 1230; x_wconf 85' lang='lat' dir='ltr'>mihi</span> 
     </span>
     <span class='ocr_line' id='line_1_44' title="bbox 1094 1252 1994 1296; baseline -0.01 -4"><span class='ocrx_word' id='word_1_284' title='bbox 1094 1261 1139 1292; x_wconf 93' lang='lat' dir='ltr'>ad</span> <span class='ocrx_word' id='word_1_285' title='bbox 1170 1259 1222 1290; x_wconf 88' lang='lat' dir='ltr'>rei</span> <span class='ocrx_word' id='word_1_286' title='bbox 1252 1257 1376 1289; x_wconf 86' lang='lat' dir='ltr'>seriem</span> <span class='ocrx_word' id='word_1_287' title='bbox 1411 1255 1454 1286; x_wconf 89' lang='lat' dir='ltr'>de</span> <span class='ocrx_word' id='word_1_288' title='bbox 1485 1254 1598 1296; x_wconf 86' lang='lat' dir='ltr'>primo</span> <span class='ocrx_word' id='word_1_289' title='bbox 1636 1253 1694 1285; x_wconf 88' lang='lat' dir='ltr'>hic</span> <span class='ocrx_word' id='word_1_290' title='bbox 1725 1253 1817 1285; x_wconf 84' lang='lat' dir='ltr'>infra</span> <span class='ocrx_word' id='word_1_291' title='bbox 1847 1252 1994 1284; x_wconf 85' lang='lat' dir='ltr'>scribam</span> 
     </span>
     <span class='ocr_line' id='line_1_45' title="bbox 1093 1307 1993 1350; baseline -0.01 -4"><span class='ocrx_word' id='word_1_292' title='bbox 1093 1317 1311 1346; x_wconf 89' lang='lat' dir='ltr'>occurrente.</span> <span class='ocrx_word' id='word_1_293' title='bbox 1358 1309 1426 1341; x_wconf 90' lang='lat' dir='ltr'>Hic</span> <span class='ocrx_word' id='word_1_294' title='bbox 1457 1317 1606 1350; x_wconf 90' lang='lat' dir='ltr'>namque</span> <span class='ocrx_word' id='word_1_295' title='bbox 1630 1307 1684 1338; x_wconf 90' lang='lat' dir='ltr'>vir</span> <span class='ocrx_word' id='word_1_296' title='bbox 1707 1318 1727 1338; x_wconf 89' lang='lat' dir='ltr'>a</span> <span class='ocrx_word' id='word_1_297' title='bbox 1755 1316 1993 1349; x_wconf 87' lang='lat' dir='ltr'>precessorum</span> 
     </span>
     <span class='ocr_line' id='line_1_46' title="bbox 1095 1360 1994 1405; baseline -0.011 -5"><span class='ocrx_word' id='word_1_298' title='bbox 1095 1368 1139 1400; x_wconf 89' lang='lat' dir='ltr'>de</span> <span class='ocrx_word' id='word_1_299' title='bbox 1164 1365 1325 1399; x_wconf 85' lang='lat' dir='ltr'>Carraria</span> <span class='ocrx_word' id='word_1_300' title='bbox 1342 1368 1539 1405; x_wconf 84' lang='lat' dir='ltr'>magnatum</span> <span class='ocrx_word' id='word_1_301' title='bbox 1557 1361 1594 1393; x_wconf 86' lang='lat' dir='ltr'>in</span> <span class='ocrx_word' id='word_1_302' title='bbox 1609 1361 1704 1392; x_wconf 88' lang='lat' dir='ltr'>nullo</span> <span class='ocrx_word' id='word_1_303' title='bbox 1722 1360 1904 1398; x_wconf 87' lang='lat' dir='ltr'>dissimilis,</span> <span class='ocrx_word' id='word_1_304' title='bbox 1924 1371 1994 1391; x_wconf 86' lang='lat' dir='ltr'>ma-</span> 
     </span>
     <span class='ocr_line' id='line_1_47' title="bbox 1094 1414 1995 1466; baseline -0.009 -13"><span class='ocrx_word' id='word_1_305' title='bbox 1094 1420 1277 1466; x_wconf 84' lang='lat' dir='ltr'>gnanimus</span> <span class='ocrx_word' id='word_1_306' title='bbox 1299 1417 1366 1449; x_wconf 76' lang='lat' dir='ltr'>fuit</span> <span class='ocrx_word' id='word_1_307' title='bbox 1388 1422 1423 1448; x_wconf 86' lang='lat' dir='ltr'>et</span> <span class='ocrx_word' id='word_1_308' title='bbox 1445 1415 1611 1453; x_wconf 82' lang='lat' dir='ltr'>liberalis,</span> <span class='ocrx_word' id='word_1_309' title='bbox 1632 1426 1695 1457; x_wconf 90' lang='lat' dir='ltr'>pro</span> <span class='ocrx_word' id='word_1_310' title='bbox 1718 1414 1838 1446; x_wconf 86' lang='lat' dir='ltr'>amicis</span> <span class='ocrx_word' id='word_1_311' title='bbox 1862 1414 1995 1446; x_wconf 85' lang='lat' dir='ltr'>cunetis</span> 
     </span>
     <span class='ocr_line' id='line_1_48' title="bbox 1094 1467 1995 1515; baseline -0.01 -8"><span class='ocrx_word' id='word_1_312' title='bbox 1094 1484 1131 1507; x_wconf 86' lang='lat' dir='ltr'>se</span> <span class='ocrx_word' id='word_1_313' title='bbox 1154 1481 1336 1515; x_wconf 88' lang='lat' dir='ltr'>opponens</span> <span class='ocrx_word' id='word_1_314' title='bbox 1366 1470 1531 1512; x_wconf 88' lang='lat' dir='ltr'>periculis</span> <span class='ocrx_word' id='word_1_315' title='bbox 1555 1475 1589 1501; x_wconf 87' lang='lat' dir='ltr'>et</span> <span class='ocrx_word' id='word_1_316' title='bbox 1620 1468 1766 1500; x_wconf 87' lang='lat' dir='ltr'>malleus</span> <span class='ocrx_word' id='word_1_317' title='bbox 1796 1467 1995 1500; x_wconf 88' lang='lat' dir='ltr'>durissimus</span> 
     </span>
     <span class='ocr_line' id='line_1_49' title="bbox 1093 1520 1994 1563; baseline -0.009 -4"><span class='ocrx_word' id='word_1_318' title='bbox 1093 1526 1254 1563; x_wconf 81' lang='lat' dir='ltr'>inimicis,</span> <span class='ocrx_word' id='word_1_319' title='bbox 1278 1534 1450 1557; x_wconf 86' lang='lat' dir='ltr'>armorum</span> <span class='ocrx_word' id='word_1_320' title='bbox 1481 1522 1685 1555; x_wconf 82' lang='lat' dir='ltr'>strenuitate</span> <span class='ocrx_word' id='word_1_321' title='bbox 1717 1520 1935 1563; x_wconf 83' lang='lat' dir='ltr'>conspicuus,</span> <span class='ocrx_word' id='word_1_322' title='bbox 1959 1521 1994 1551; x_wconf 90' lang='lat' dir='ltr'>in</span> 
     </span>
     <span class='ocr_line' id='line_1_50' title="bbox 1094 1573 1995 1619; baseline -0.009 -7"><span class='ocrx_word' id='word_1_323' title='bbox 1094 1589 1252 1612; x_wconf 84' lang='lat' dir='ltr'>sermone</span> <span class='ocrx_word' id='word_1_324' title='bbox 1275 1587 1412 1619; x_wconf 86' lang='lat' dir='ltr'>parcus,</span> <span class='ocrx_word' id='word_1_325' title='bbox 1438 1576 1499 1608; x_wconf 83' lang='lat' dir='ltr'>sed</span> <span class='ocrx_word' id='word_1_326' title='bbox 1522 1576 1567 1608; x_wconf 89' lang='lat' dir='ltr'>ad</span> <span class='ocrx_word' id='word_1_327' title='bbox 1598 1585 1735 1618; x_wconf 87' lang='lat' dir='ltr'>queque</span> <span class='ocrx_word' id='word_1_328' title='bbox 1759 1573 1995 1607; x_wconf 85' lang='lat' dir='ltr'>velocissimus</span> 
     </span>
     <span class='ocr_line' id='line_1_51' title="bbox 1095 1627 1993 1675; baseline -0.009 -10"><span class='ocrx_word' id='word_1_329' title='bbox 1095 1638 1303 1675; x_wconf 85' lang='lat' dir='ltr'>opportuna.</span> <span class='ocrx_word' id='word_1_330' title='bbox 1338 1631 1435 1662; x_wconf 78' lang='lat' dir='ltr'>Inter</span> <span class='ocrx_word' id='word_1_331' title='bbox 1458 1640 1495 1662; x_wconf 87' lang='lat' dir='ltr'>se</span> <span class='ocrx_word' id='word_1_332' title='bbox 1520 1635 1554 1661; x_wconf 90' lang='lat' dir='ltr'>et</span> <span class='ocrx_word' id='word_1_333' title='bbox 1570 1628 1700 1661; x_wconf 89' lang='lat' dir='ltr'>amicos</span> <span class='ocrx_word' id='word_1_334' title='bbox 1715 1627 1803 1659; x_wconf 86' lang='lat' dir='ltr'>nihil</span> <span class='ocrx_word' id='word_1_335' title='bbox 1826 1627 1993 1659; x_wconf 85' lang='lat' dir='ltr'>interesse</span> 
     </span>
     <span class='ocr_line' id='line_1_52' title="bbox 1095 1681 1994 1725; baseline -0.008 -7"><span class='ocrx_word' id='word_1_336' title='bbox 1095 1686 1278 1722; x_wconf 83' lang='lat' dir='ltr'>arbitrans,</span> <span class='ocrx_word' id='word_1_337' title='bbox 1310 1682 1473 1716; x_wconf 85' lang='lat' dir='ltr'>comunia</span> <span class='ocrx_word' id='word_1_338' title='bbox 1496 1693 1633 1725; x_wconf 84' lang='lat' dir='ltr'>semper</span> <span class='ocrx_word' id='word_1_339' title='bbox 1663 1681 1753 1714; x_wconf 68' lang='lat' dir='ltr'>fecit</span> <span class='ocrx_word' id='word_1_340' title='bbox 1776 1690 1994 1723; x_wconf 88' lang='lat' dir='ltr'>quecumque</span> 
     </span>
     <span class='ocr_line' id='line_1_53' title="bbox 1096 1738 1262 1782; baseline -0.012 -10"><span class='ocrx_word' id='word_1_341' title='bbox 1096 1738 1262 1782; x_wconf 86' lang='lat' dir='ltr'>possedit.</span> 
     </span>
    </p>
   </div>
   <div class='ocr_carea' id='block_1_19' title="bbox 1096 1844 1997 2200">
    <p class='ocr_par' dir='ltr' id='par_1_19' title="bbox 1096 1844 1997 2200">
     <span class='ocr_line' id='line_1_54' title="bbox 1186 1844 1993 1886; baseline -0.006 -7"><span class='ocrx_word' id='word_1_342' title='bbox 1186 1848 1239 1879; x_wconf 90' lang='lat'>66.</span> <span class='ocrx_word' id='word_1_343' title='bbox 1258 1865 1301 1869; x_wconf 90' lang='lat'><strong>—</strong></span> <span class='ocrx_word' id='word_1_344' title='bbox 1315 1846 1584 1878; x_wconf 74' lang='lat' dir='ltr'>instrumentum</span> <span class='ocrx_word' id='word_1_345' title='bbox 1604 1844 1903 1886; x_wconf 78' lang='lat' dir='ltr'>infrascriptarum</span> <span class='ocrx_word' id='word_1_346' title='bbox 1918 1853 1993 1884; x_wconf 88' lang='lat' dir='ltr'>pos-</span> 
     </span>
     <span class='ocr_line' id='line_1_55' title="bbox 1096 1896 1995 1943; baseline -0.008 -10"><span class='ocrx_word' id='word_1_347' title='bbox 1096 1901 1287 1933; x_wconf 80' lang='lat' dir='ltr'>sessionum</span> <span class='ocrx_word' id='word_1_348' title='bbox 1309 1899 1497 1943; x_wconf 83' lang='lat' dir='ltr'>jacentium</span> <span class='ocrx_word' id='word_1_349' title='bbox 1521 1899 1556 1930; x_wconf 92' lang='lat' dir='ltr'>in</span> <span class='ocrx_word' id='word_1_350' title='bbox 1581 1898 1731 1931; x_wconf 87' lang='lat' dir='ltr'>confinio</span> <span class='ocrx_word' id='word_1_351' title='bbox 1756 1897 1837 1929; x_wconf 84' lang='lat' dir='ltr'>ville</span> <span class='ocrx_word' id='word_1_352' title='bbox 1862 1897 1896 1929; x_wconf 87' lang='lat' dir='ltr'>S.</span> <span class='ocrx_word' id='word_1_353' title='bbox 1917 1896 1995 1933; x_wconf 83' lang='lat' dir='ltr'>Siri,</span> 
     </span>
     <span class='ocr_line' id='line_1_56' title="bbox 1097 1951 1995 1997; baseline -0.006 -11"><span class='ocrx_word' id='word_1_354' title='bbox 1097 1959 1292 1997; x_wconf 86' lang='lat' dir='ltr'>emptarum</span> <span class='ocrx_word' id='word_1_355' title='bbox 1323 1964 1386 1995; x_wconf 88' lang='lat' dir='ltr'>per</span> <span class='ocrx_word' id='word_1_356' title='bbox 1417 1952 1593 1984; x_wconf 87' lang='lat' dir='ltr'>dominum</span> <span class='ocrx_word' id='word_1_357' title='bbox 1622 1951 1804 1983; x_wconf 88' lang='lat' dir='ltr'>Albricum</span> <span class='ocrx_word' id='word_1_358' title='bbox 1828 1951 1995 1986; x_wconf 90' lang='lat' dir='ltr'>Leonem,</span> 
     </span>
     <span class='ocr_line' id='line_1_57' title="bbox 1097 2004 1997 2048; baseline -0.006 -8"><span class='ocrx_word' id='word_1_359' title='bbox 1097 2009 1204 2040; x_wconf 84' lang='lat' dir='ltr'>filium</span> <span class='ocrx_word' id='word_1_360' title='bbox 1221 2008 1255 2040; x_wconf 87' lang='lat' dir='ltr'>d.</span> <span class='ocrx_word' id='word_1_361' title='bbox 1278 2006 1457 2040; x_wconf 89' lang='lat' dir='ltr'>Francisci</span> <span class='ocrx_word' id='word_1_362' title='bbox 1475 2017 1507 2048; x_wconf 91' lang='lat' dir='ltr'>q.</span> <span class='ocrx_word' id='word_1_363' title='bbox 1526 2007 1559 2038; x_wconf 89' lang='lat' dir='ltr'>d.</span> <span class='ocrx_word' id='word_1_364' title='bbox 1578 2006 1671 2038; x_wconf 86' lang='lat' dir='ltr'>Petri</span> <span class='ocrx_word' id='word_1_365' title='bbox 1687 2005 1835 2038; x_wconf 83' lang='lat' dir='ltr'>Comitis</span> <span class='ocrx_word' id='word_1_366' title='bbox 1852 2005 1895 2036; x_wconf 93' lang='lat' dir='ltr'>de</span> <span class='ocrx_word' id='word_1_367' title='bbox 1913 2004 1997 2036; x_wconf 80' lang='lat' dir='ltr'>Car-</span> 
     </span>
     <span class='ocr_line' id='line_1_58' title="bbox 1096 2057 1997 2103; baseline -0.006 -10"><span class='ocrx_word' id='word_1_368' title='bbox 1096 2062 1197 2098; x_wconf 86' lang='lat' dir='ltr'>raria,</span> <span class='ocrx_word' id='word_1_369' title='bbox 1216 2061 1328 2103; x_wconf 87' lang='lat' dir='ltr'>pretio</span> <span class='ocrx_word' id='word_1_370' title='bbox 1350 2060 1512 2092; x_wconf 83' lang='lat' dir='ltr'>librarum</span> <span class='ocrx_word' id='word_1_371' title='bbox 1532 2059 1796 2102; x_wconf 83' lang='lat' dir='ltr'>quingentarum</span> <span class='ocrx_word' id='word_1_372' title='bbox 1814 2069 1832 2089; x_wconf 89' lang='lat' dir='ltr'>a</span> <span class='ocrx_word' id='word_1_373' title='bbox 1849 2057 1997 2089; x_wconf 90' lang='lat' dir='ltr'>dominis</span> 
     </span>
     <span class='ocr_line' id='line_1_59' title="bbox 1097 2110 1996 2153; baseline -0.007 -6"><span class='ocrx_word' id='word_1_374' title='bbox 1097 2115 1201 2147; x_wconf 79' lang='lat' dir='ltr'>Petro</span> <span class='ocrx_word' id='word_1_375' title='bbox 1225 2120 1260 2146; x_wconf 90' lang='lat' dir='ltr'>et</span> <span class='ocrx_word' id='word_1_376' title='bbox 1283 2114 1489 2151; x_wconf 86' lang='lat' dir='ltr'>Profiliasio,</span> <span class='ocrx_word' id='word_1_377' title='bbox 1514 2112 1688 2150; x_wconf 74' lang='lat' dir='ltr'>fratribus,</span> <span class='ocrx_word' id='word_1_378' title='bbox 1706 2123 1737 2153; x_wconf 91' lang='lat' dir='ltr'>q.</span> <span class='ocrx_word' id='word_1_379' title='bbox 1755 2112 1886 2143; x_wconf 87' lang='lat' dir='ltr'>domini</span> <span class='ocrx_word' id='word_1_380' title='bbox 1902 2110 1996 2142; x_wconf 86' lang='lat' dir='ltr'>Hen-</span> 
     </span>
     <span class='ocr_line' id='line_1_60' title="bbox 1098 2165 1806 2200; baseline -0.007 0"><span class='ocrx_word' id='word_1_381' title='bbox 1098 2168 1163 2200; x_wconf 88' lang='lat' dir='ltr'>rici</span> <span class='ocrx_word' id='word_1_382' title='bbox 1186 2168 1318 2199; x_wconf 89' lang='lat' dir='ltr'>domini</span> <span class='ocrx_word' id='word_1_383' title='bbox 1342 2167 1514 2199; x_wconf 87' lang='lat' dir='ltr'>Profilasii</span> <span class='ocrx_word' id='word_1_384' title='bbox 1538 2177 1557 2197; x_wconf 85' lang='lat' dir='ltr'>a</span> <span class='ocrx_word' id='word_1_385' title='bbox 1581 2165 1616 2197; x_wconf 88' lang='lat' dir='ltr'>S.</span> <span class='ocrx_word' id='word_1_386' title='bbox 1640 2165 1806 2197; x_wconf 87' lang='lat' dir='ltr'>Mattheo.</span> 
     </span>
    </p>
   </div>
   <div class='ocr_carea' id='block_1_20' title="bbox 237 2318 1996 2352">
    <p class='ocr_par' dir='ltr' id='par_1_20' title="bbox 237 2318 1996 2352">
     <span class='ocr_line' id='line_1_61' title="bbox 237 2318 1996 2352; baseline -0.003 -7"><span class='ocrx_word' id='word_1_387' title='bbox 237 2322 324 2345; x_wconf 85' lang='lat' dir='ltr'>Anno</span> <span class='ocrx_word' id='word_1_388' title='bbox 344 2320 456 2344; x_wconf 86' lang='lat' dir='ltr'>domini</span> <span class='ocrx_word' id='word_1_389' title='bbox 473 2320 625 2344; x_wconf 84' lang='lat' dir='ltr'>millesimo</span> <span class='ocrx_word' id='word_1_390' title='bbox 639 2321 836 2345; x_wconf 83' lang='lat' dir='ltr'>ducentesimo</span> <span class='ocrx_word' id='word_1_391' title='bbox 851 2321 1040 2352; x_wconf 86' lang='lat' dir='ltr'>nonagesimo</span> <span class='ocrx_word' id='word_1_392' title='bbox 1055 2322 1169 2348; x_wconf 81' lang='lat' dir='ltr'>octavo,</span> <span class='ocrx_word' id='word_1_393' title='bbox 1188 2320 1337 2344; x_wconf 82' lang='lat' dir='ltr'>indicione</span> <span class='ocrx_word' id='word_1_394' title='bbox 1351 2319 1510 2348; x_wconf 87' lang='lat' dir='ltr'>undecima,</span> <span class='ocrx_word' id='word_1_395' title='bbox 1524 2319 1570 2342; x_wconf 85' lang='lat' dir='ltr'>die</span> <span class='ocrx_word' id='word_1_396' title='bbox 1585 2318 1743 2350; x_wconf 85' lang='lat' dir='ltr'>penultimo</span> <span class='ocrx_word' id='word_1_397' title='bbox 1758 2318 1863 2341; x_wconf 81' lang='lat' dir='ltr'>mensis</span> <span class='ocrx_word' id='word_1_398' title='bbox 1877 2319 1996 2348; x_wconf 82' lang='lat' dir='ltr'>septem-</span> 
     </span>
    </p>
   </div>
   <div class='ocr_carea' id='block_1_21' title="bbox 149 2362 2000 2845">
    <p class='ocr_par' dir='ltr' id='par_1_21' title="bbox 149 2362 2000 2845">
     <span class='ocr_line' id='line_1_62' title="bbox 149 2362 1996 2395; baseline -0.004 -4"><span class='ocrx_word' id='word_1_399' title='bbox 149 2368 216 2395; x_wconf 86' lang='lat' dir='ltr'>bris,</span> <span class='ocrx_word' id='word_1_400' title='bbox 236 2366 338 2394; x_wconf 85' lang='lat' dir='ltr'>Padue,</span> <span class='ocrx_word' id='word_1_401' title='bbox 359 2366 388 2389; x_wconf 89' lang='lat' dir='ltr'>in</span> <span class='ocrx_word' id='word_1_402' title='bbox 410 2366 542 2389; x_wconf 82' lang='lat' dir='ltr'>contrata</span> <span class='ocrx_word' id='word_1_403' title='bbox 560 2364 661 2390; x_wconf 84' lang='lat' dir='ltr'>Sancti</span> <span class='ocrx_word' id='word_1_404' title='bbox 680 2366 798 2394; x_wconf 85' lang='lat' dir='ltr'>Mathel,</span> <span class='ocrx_word' id='word_1_405' title='bbox 819 2367 849 2389; x_wconf 91' lang='lat' dir='ltr'>in</span> <span class='ocrx_word' id='word_1_406' title='bbox 870 2366 956 2390; x_wconf 90' lang='lat' dir='ltr'>dorno</span> <span class='ocrx_word' id='word_1_407' title='bbox 976 2366 1174 2389; x_wconf 81' lang='lat' dir='ltr'>habitacionis</span> <span class='ocrx_word' id='word_1_408' title='bbox 1194 2365 1378 2389; x_wconf 89' lang='lat' dir='ltr'>dominorum</span> <span class='ocrx_word' id='word_1_409' title='bbox 1398 2364 1476 2388; x_wconf 84' lang='lat' dir='ltr'>Petri</span> <span class='ocrx_word' id='word_1_410' title='bbox 1499 2366 1526 2387; x_wconf 86' lang='lat' dir='ltr'>et</span> <span class='ocrx_word' id='word_1_411' title='bbox 1550 2363 1703 2391; x_wconf 78' lang='lat' dir='ltr'>Profiiiasi,</span> <span class='ocrx_word' id='word_1_412' title='bbox 1722 2362 1864 2394; x_wconf 85' lang='lat' dir='ltr'>qnondam</span> <span class='ocrx_word' id='word_1_413' title='bbox 1885 2362 1996 2385; x_wconf 81' lang='lat' dir='ltr'>domini</span> 
     </span>
     <span class='ocr_line' id='line_1_63' title="bbox 149 2405 1994 2442; baseline -0.003 -8"><span class='ocrx_word' id='word_1_414' title='bbox 149 2411 274 2440; x_wconf 81' lang='lat' dir='ltr'>Hem-ici,</span> <span class='ocrx_word' id='word_1_415' title='bbox 294 2410 474 2442; x_wconf 83' lang='lat' dir='ltr'>presentibus</span> <span class='ocrx_word' id='word_1_416' title='bbox 494 2410 611 2434; x_wconf 88' lang='lat' dir='ltr'>domino</span> <span class='ocrx_word' id='word_1_417' title='bbox 630 2410 785 2434; x_wconf 88' lang='lat' dir='ltr'>Albertino</span> <span class='ocrx_word' id='word_1_418' title='bbox 812 2410 953 2441; x_wconf 84' lang='lat' dir='ltr'>quondam</span> <span class='ocrx_word' id='word_1_419' title='bbox 979 2411 1090 2434; x_wconf 86' lang='lat' dir='ltr'>domini</span> <span class='ocrx_word' id='word_1_420' title='bbox 1117 2410 1248 2434; x_wconf 85' lang='lat' dir='ltr'>Iacobini</span> <span class='ocrx_word' id='word_1_421' title='bbox 1273 2410 1419 2442; x_wconf 83' lang='lat' dir='ltr'>Papafave</span> <span class='ocrx_word' id='word_1_422' title='bbox 1445 2409 1478 2432; x_wconf 88' lang='lat' dir='ltr'>de</span> <span class='ocrx_word' id='word_1_423' title='bbox 1504 2407 1647 2437; x_wconf 76' lang='lat' dir='ltr'>Carraria,</span> <span class='ocrx_word' id='word_1_424' title='bbox 1673 2407 1825 2430; x_wconf 84' lang='lat' dir='ltr'>Anthonio</span> <span class='ocrx_word' id='word_1_425' title='bbox 1852 2405 1994 2437; x_wconf 87' lang='lat' dir='ltr'>quondam</span> 
     </span>
     <span class='ocr_line' id='line_1_64' title="bbox 150 2450 1997 2486; baseline -0.003 -7"><span class='ocrx_word' id='word_1_426' title='bbox 150 2455 261 2479; x_wconf 85' lang='lat' dir='ltr'>domini</span> <span class='ocrx_word' id='word_1_427' title='bbox 282 2454 434 2479; x_wconf 88' lang='lat' dir='ltr'>Guilielmi</span> <span class='ocrx_word' id='word_1_428' title='bbox 458 2454 565 2478; x_wconf 82' lang='lat' dir='ltr'>iudicis</span> <span class='ocrx_word' id='word_1_429' title='bbox 584 2455 617 2478; x_wconf 85' lang='lat' dir='ltr'>de</span> <span class='ocrx_word' id='word_1_430' title='bbox 638 2454 840 2486; x_wconf 82' lang='lat' dir='ltr'>Curtarodulo,</span> <span class='ocrx_word' id='word_1_431' title='bbox 861 2455 973 2479; x_wconf 85' lang='lat' dir='ltr'>Mathio</span> <span class='ocrx_word' id='word_1_432' title='bbox 994 2455 1110 2478; x_wconf 87' lang='lat' dir='ltr'>notario</span> <span class='ocrx_word' id='word_1_433' title='bbox 1130 2455 1274 2486; x_wconf 86' lang='lat' dir='ltr'>quondam</span> <span class='ocrx_word' id='word_1_434' title='bbox 1289 2454 1399 2478; x_wconf 88' lang='lat' dir='ltr'>domini</span> <span class='ocrx_word' id='word_1_435' title='bbox 1416 2453 1595 2477; x_wconf 77' lang='lat' dir='ltr'>Prosdociini</span> <span class='ocrx_word' id='word_1_436' title='bbox 1615 2453 1648 2476; x_wconf 86' lang='lat' dir='ltr'>(le</span> <span class='ocrx_word' id='word_1_437' title='bbox 1661 2451 1749 2480; x_wconf 80' lang='lat' dir='ltr'>Cisis,</span> <span class='ocrx_word' id='word_1_438' title='bbox 1762 2451 1835 2474; x_wconf 86' lang='lat' dir='ltr'>Fino</span> <span class='ocrx_word' id='word_1_439' title='bbox 1855 2450 1997 2482; x_wconf 87' lang='lat' dir='ltr'>quondam</span> 
     </span>
     <span class='ocr_line' id='line_1_65' title="bbox 150 2496 1999 2530; baseline -0.004 -6"><span class='ocrx_word' id='word_1_440' title='bbox 150 2500 262 2524; x_wconf 81' lang='lat' dir='ltr'>domini</span> <span class='ocrx_word' id='word_1_441' title='bbox 282 2499 400 2529; x_wconf 83' lang='lat' dir='ltr'>Casteli,</span> <span class='ocrx_word' id='word_1_442' title='bbox 421 2499 516 2523; x_wconf 79' lang='lat' dir='ltr'>Allete</span> <span class='ocrx_word' id='word_1_443' title='bbox 535 2506 551 2523; x_wconf 89' lang='lat' dir='ltr'>a</span> <span class='ocrx_word' id='word_1_444' title='bbox 569 2499 675 2523; x_wconf 87' lang='lat' dir='ltr'>Sancto</span> <span class='ocrx_word' id='word_1_445' title='bbox 694 2499 831 2530; x_wconf 83' lang='lat' dir='ltr'>Martino,</span> <span class='ocrx_word' id='word_1_446' title='bbox 856 2499 960 2524; x_wconf 84' lang='lat' dir='ltr'>Iacobo</span> <span class='ocrx_word' id='word_1_447' title='bbox 984 2501 1100 2523; x_wconf 84' lang='lat' dir='ltr'>notario</span> <span class='ocrx_word' id='word_1_448' title='bbox 1120 2500 1266 2530; x_wconf 87' lang='lat' dir='ltr'>quondam</span> <span class='ocrx_word' id='word_1_449' title='bbox 1294 2498 1458 2522; x_wconf 86' lang='lat' dir='ltr'>Gulllielmi</span> <span class='ocrx_word' id='word_1_450' title='bbox 1482 2498 1614 2527; x_wconf 85' lang='lat' dir='ltr'>casalini,</span> <span class='ocrx_word' id='word_1_451' title='bbox 1636 2496 1807 2520; x_wconf 78' lang='lat' dir='ltr'>Bartholino</span> <span class='ocrx_word' id='word_1_452' title='bbox 1830 2496 1999 2527; x_wconf 68' lang='lat' dir='ltr'>enqegnerio</span> 
     </span>
     <span class='ocr_line' id='line_1_66' title="bbox 150 2541 1998 2577; baseline -0.003 -9"><span class='ocrx_word' id='word_1_453' title='bbox 150 2544 296 2577; x_wconf 89' lang='lat' dir='ltr'>quondam</span> <span class='ocrx_word' id='word_1_454' title='bbox 315 2544 447 2575; x_wconf 78' lang='lat' dir='ltr'>magIstri</span> <span class='ocrx_word' id='word_1_455' title='bbox 467 2541 618 2576; x_wconf 83' lang='lat' dir='ltr'>Gualperti</span> <span class='ocrx_word' id='word_1_456' title='bbox 637 2544 671 2568; x_wconf 85' lang='lat' dir='ltr'>de</span> <span class='ocrx_word' id='word_1_457' title='bbox 691 2546 824 2568; x_wconf 86' lang='lat' dir='ltr'>contrata</span> <span class='ocrx_word' id='word_1_458' title='bbox 843 2544 940 2569; x_wconf 88' lang='lat' dir='ltr'>Sancti</span> <span class='ocrx_word' id='word_1_459' title='bbox 962 2544 1070 2568; x_wconf 84' lang='lat' dir='ltr'>Mathei</span> <span class='ocrx_word' id='word_1_460' title='bbox 1090 2546 1117 2568; x_wconf 87' lang='lat' dir='ltr'>et</span> <span class='ocrx_word' id='word_1_461' title='bbox 1137 2544 1212 2568; x_wconf 86' lang='lat' dir='ltr'>aliis.</span> <span class='ocrx_word' id='word_1_462' title='bbox 1251 2544 1307 2567; x_wconf 87' lang='lat' dir='ltr'>Pro</span> <span class='ocrx_word' id='word_1_463' title='bbox 1328 2543 1411 2567; x_wconf 87' lang='lat' dir='ltr'>libris</span> <span class='ocrx_word' id='word_1_464' title='bbox 1431 2543 1597 2574; x_wconf 85' lang='lat' dir='ltr'>quingentis</span> <span class='ocrx_word' id='word_1_465' title='bbox 1624 2541 1805 2564; x_wconf 85' lang='lat' dir='ltr'>denariorum</span> <span class='ocrx_word' id='word_1_466' title='bbox 1833 2541 1998 2563; x_wconf 86' lang='lat' dir='ltr'>venetorum</span> 
     </span>
     <span class='ocr_line' id='line_1_67' title="bbox 151 2584 1999 2621; baseline -0.003 -8"><span class='ocrx_word' id='word_1_467' title='bbox 151 2596 314 2621; x_wconf 77' lang='lat' dir='ltr'>parvorum,</span> <span class='ocrx_word' id='word_1_468' title='bbox 332 2595 403 2620; x_wconf 82' lang='lat' dir='ltr'>quas</span> <span class='ocrx_word' id='word_1_469' title='bbox 423 2588 448 2612; x_wconf 92' lang='lat' dir='ltr'>d.</span> <span class='ocrx_word' id='word_1_470' title='bbox 468 2588 567 2612; x_wconf 78' lang='lat' dir='ltr'>Petrus</span> <span class='ocrx_word' id='word_1_471' title='bbox 587 2589 615 2612; x_wconf 90' lang='lat' dir='ltr'>et</span> <span class='ocrx_word' id='word_1_472' title='bbox 634 2589 660 2613; x_wconf 89' lang='lat' dir='ltr'>d.</span> <span class='ocrx_word' id='word_1_473' title='bbox 679 2588 904 2618; x_wconf 85' lang='lat' dir='ltr'>Protofiliasius,</span> <span class='ocrx_word' id='word_1_474' title='bbox 924 2588 1036 2617; x_wconf 79' lang='lat' dir='ltr'>fratres,</span> <span class='ocrx_word' id='word_1_475' title='bbox 1057 2588 1112 2612; x_wconf 85' lang='lat' dir='ltr'>filii</span> <span class='ocrx_word' id='word_1_476' title='bbox 1131 2596 1156 2620; x_wconf 92' lang='lat' dir='ltr'>q.</span> <span class='ocrx_word' id='word_1_477' title='bbox 1176 2588 1202 2613; x_wconf 92' lang='lat' dir='ltr'>d.</span> <span class='ocrx_word' id='word_1_478' title='bbox 1222 2588 1350 2617; x_wconf 76' lang='lat' dir='ltr'>Henrici,</span> <span class='ocrx_word' id='word_1_479' title='bbox 1370 2589 1396 2611; x_wconf 92' lang='lat' dir='ltr'>d.</span> <span class='ocrx_word' id='word_1_480' title='bbox 1416 2586 1573 2611; x_wconf 84' lang='lat' dir='ltr'>Profiliasii</span> <span class='ocrx_word' id='word_1_481' title='bbox 1595 2587 1627 2610; x_wconf 89' lang='lat' dir='ltr'>de</span> <span class='ocrx_word' id='word_1_482' title='bbox 1641 2586 1795 2613; x_wconf 76' lang='lat' dir='ltr'>Salvestro,</span> <span class='ocrx_word' id='word_1_483' title='bbox 1815 2584 1849 2608; x_wconf 87' lang='lat' dir='ltr'>de</span> <span class='ocrx_word' id='word_1_484' title='bbox 1868 2586 1999 2608; x_wconf 80' lang='lat' dir='ltr'>contrata</span> 
     </span>
     <span class='ocr_line' id='line_1_68' title="bbox 152 2629 1997 2665; baseline -0.004 -6"><span class='ocrx_word' id='word_1_485' title='bbox 152 2634 180 2659; x_wconf 88' lang='lat' dir='ltr'>S.</span> <span class='ocrx_word' id='word_1_486' title='bbox 198 2633 317 2662; x_wconf 84' lang='lat' dir='ltr'>Mathei,</span> <span class='ocrx_word' id='word_1_487' title='bbox 337 2635 364 2657; x_wconf 86' lang='lat' dir='ltr'>et</span> <span class='ocrx_word' id='word_1_488' title='bbox 384 2632 507 2664; x_wconf 87' lang='lat' dir='ltr'>quilibet</span> <span class='ocrx_word' id='word_1_489' title='bbox 527 2634 654 2664; x_wconf 89' lang='lat' dir='ltr'>ipsorum</span> <span class='ocrx_word' id='word_1_490' title='bbox 673 2635 918 2665; x_wconf 87' lang='lat' dir='ltr'>guarentaverunt</span> <span class='ocrx_word' id='word_1_491' title='bbox 938 2635 965 2657; x_wconf 87' lang='lat' dir='ltr'>et</span> <span class='ocrx_word' id='word_1_492' title='bbox 985 2633 1110 2657; x_wconf 83' lang='lat' dir='ltr'>confessi</span> <span class='ocrx_word' id='word_1_493' title='bbox 1133 2634 1248 2657; x_wconf 87' lang='lat' dir='ltr'>fuerunt</span> <span class='ocrx_word' id='word_1_494' title='bbox 1268 2640 1295 2656; x_wconf 90' lang='lat' dir='ltr'>se</span> <span class='ocrx_word' id='word_1_495' title='bbox 1310 2634 1426 2656; x_wconf 88' lang='lat' dir='ltr'>nomine</span> <span class='ocrx_word' id='word_1_496' title='bbox 1439 2633 1517 2664; x_wconf 78' lang='lat' dir='ltr'>justi,</span> <span class='ocrx_word' id='word_1_497' title='bbox 1532 2631 1611 2659; x_wconf 72' lang='lat' dir='ltr'>certi,</span> <span class='ocrx_word' id='word_1_498' title='bbox 1625 2630 1698 2653; x_wconf 84' lang='lat' dir='ltr'>finiti</span> <span class='ocrx_word' id='word_1_499' title='bbox 1714 2632 1742 2653; x_wconf 85' lang='lat' dir='ltr'>et</span> <span class='ocrx_word' id='word_1_500' title='bbox 1755 2630 1891 2653; x_wconf 89' lang='lat' dir='ltr'>conventi</span> <span class='ocrx_word' id='word_1_501' title='bbox 1907 2629 1997 2661; x_wconf 74' lang='lat' dir='ltr'>precii</span> 
     </span>
     <span class='ocr_line' id='line_1_69' title="bbox 152 2673 1998 2709; baseline -0.003 -6"><span class='ocrx_word' id='word_1_502' title='bbox 152 2679 283 2703; x_wconf 82' lang='lat' dir='ltr'>habuisse</span> <span class='ocrx_word' id='word_1_503' title='bbox 302 2680 330 2702; x_wconf 83' lang='lat' dir='ltr'>et</span> <span class='ocrx_word' id='word_1_504' title='bbox 350 2679 489 2709; x_wconf 84' lang='lat' dir='ltr'>recepisse</span> <span class='ocrx_word' id='word_1_505' title='bbox 507 2684 539 2701; x_wconf 88' lang='lat' dir='ltr'>ac</span> <span class='ocrx_word' id='word_1_506' title='bbox 559 2678 615 2701; x_wconf 88' lang='lat' dir='ltr'>sibi</span> <span class='ocrx_word' id='word_1_507' title='bbox 634 2678 805 2702; x_wconf 84' lang='lat' dir='ltr'>manualiter</span> <span class='ocrx_word' id='word_1_508' title='bbox 824 2677 947 2702; x_wconf 80' lang='lat' dir='ltr'>traditos</span> <span class='ocrx_word' id='word_1_509' title='bbox 963 2679 1022 2702; x_wconf 90' lang='lat' dir='ltr'>sore</span> <span class='ocrx_word' id='word_1_510' title='bbox 1043 2679 1077 2702; x_wconf 85' lang='lat' dir='ltr'>ab</span> <span class='ocrx_word' id='word_1_511' title='bbox 1093 2679 1213 2702; x_wconf 82' lang='lat' dir='ltr'>Albrico</span> <span class='ocrx_word' id='word_1_512' title='bbox 1234 2677 1337 2707; x_wconf 84' lang='lat' dir='ltr'>Leone,</span> <span class='ocrx_word' id='word_1_513' title='bbox 1352 2677 1412 2700; x_wconf 83' lang='lat' dir='ltr'>filio</span> <span class='ocrx_word' id='word_1_514' title='bbox 1427 2677 1452 2700; x_wconf 91' lang='lat' dir='ltr'>d.</span> <span class='ocrx_word' id='word_1_515' title='bbox 1467 2675 1621 2703; x_wconf 84' lang='lat' dir='ltr'>Francisci,</span> <span class='ocrx_word' id='word_1_516' title='bbox 1635 2675 1687 2697; x_wconf 88' lang='lat' dir='ltr'>filii</span> <span class='ocrx_word' id='word_1_517' title='bbox 1702 2682 1727 2705; x_wconf 91' lang='lat' dir='ltr'>q.</span> <span class='ocrx_word' id='word_1_518' title='bbox 1742 2674 1769 2697; x_wconf 88' lang='lat' dir='ltr'>d.</span> <span class='ocrx_word' id='word_1_519' title='bbox 1784 2674 1858 2697; x_wconf 83' lang='lat' dir='ltr'>Petri</span> <span class='ocrx_word' id='word_1_520' title='bbox 1874 2673 1998 2697; x_wconf 81' lang='lat' dir='ltr'>Comitis</span> 
     </span>
     <span class='ocr_line' id='line_1_70' title="bbox 152 2718 2000 2754; baseline -0.003 -7"><span class='ocrx_word' id='word_1_521' title='bbox 152 2724 186 2747; x_wconf 92' lang='lat' dir='ltr'>de</span> <span class='ocrx_word' id='word_1_522' title='bbox 205 2722 347 2751; x_wconf 88' lang='lat' dir='ltr'>Carraria,</span> <span class='ocrx_word' id='word_1_523' title='bbox 368 2722 402 2746; x_wconf 87' lang='lat' dir='ltr'>de</span> <span class='ocrx_word' id='word_1_524' title='bbox 421 2722 524 2753; x_wconf 88' lang='lat' dir='ltr'>quibus</span> <span class='ocrx_word' id='word_1_525' title='bbox 545 2721 671 2746; x_wconf 81' lang='lat' dir='ltr'>denariis</span> <span class='ocrx_word' id='word_1_526' title='bbox 691 2724 717 2746; x_wconf 87' lang='lat' dir='ltr'>et</span> <span class='ocrx_word' id='word_1_527' title='bbox 737 2723 832 2754; x_wconf 87' lang='lat' dir='ltr'>precio</span> <span class='ocrx_word' id='word_1_528' title='bbox 853 2723 923 2747; x_wconf 85' lang='lat' dir='ltr'>dicti</span> <span class='ocrx_word' id='word_1_529' title='bbox 952 2723 1053 2746; x_wconf 84' lang='lat' dir='ltr'>fratres</span> <span class='ocrx_word' id='word_1_530' title='bbox 1079 2724 1106 2746; x_wconf 86' lang='lat' dir='ltr'>et</span> <span class='ocrx_word' id='word_1_531' title='bbox 1132 2723 1261 2754; x_wconf 87' lang='lat' dir='ltr'>ipsorum</span> <span class='ocrx_word' id='word_1_532' title='bbox 1287 2724 1404 2752; x_wconf 86' lang='lat' dir='ltr'>uterque</span> <span class='ocrx_word' id='word_1_533' title='bbox 1429 2721 1627 2745; x_wconf 82' lang='lat' dir='ltr'>clamaverunt</span> <span class='ocrx_word' id='word_1_534' title='bbox 1652 2719 1708 2743; x_wconf 82' lang='lat' dir='ltr'>sihi</span> <span class='ocrx_word' id='word_1_535' title='bbox 1734 2718 1859 2742; x_wconf 82' lang='lat' dir='ltr'>solutum</span> <span class='ocrx_word' id='word_1_536' title='bbox 1887 2719 1947 2742; x_wconf 84' lang='lat' dir='ltr'>sore</span> <span class='ocrx_word' id='word_1_537' title='bbox 1973 2720 2000 2742; x_wconf 82' lang='lat' dir='ltr'>ct</span> 
     </span>
     <span class='ocr_line' id='line_1_71' title="bbox 153 2762 2000 2802; baseline -0.004 -10"><span class='ocrx_word' id='word_1_538' title='bbox 153 2768 283 2800; x_wconf 86' lang='lat' dir='ltr'>plenarie</span> <span class='ocrx_word' id='word_1_539' title='bbox 302 2767 483 2802; x_wconf 77' lang='lat' dir='ltr'>satisfactum</span> <span class='ocrx_word' id='word_1_540' title='bbox 503 2773 534 2790; x_wconf 84' lang='lat' dir='ltr'>ac</span> <span class='ocrx_word' id='word_1_541' title='bbox 554 2767 667 2798; x_wconf 89' lang='lat' dir='ltr'>plenam</span> <span class='ocrx_word' id='word_1_542' title='bbox 687 2767 865 2792; x_wconf 87' lang='lat' dir='ltr'>solucionem</span> <span class='ocrx_word' id='word_1_543' title='bbox 887 2768 916 2791; x_wconf 93' lang='lat' dir='ltr'>in</span> <span class='ocrx_word' id='word_1_544' title='bbox 937 2774 965 2791; x_wconf 90' lang='lat' dir='ltr'>se</span> <span class='ocrx_word' id='word_1_545' title='bbox 984 2767 1086 2791; x_wconf 85' lang='lat' dir='ltr'>habere</span> <span class='ocrx_word' id='word_1_546' title='bbox 1107 2767 1242 2791; x_wconf 88' lang='lat' dir='ltr'>dixerunt</span> <span class='ocrx_word' id='word_1_547' title='bbox 1262 2767 1295 2790; x_wconf 89' lang='lat' dir='ltr'>de</span> <span class='ocrx_word' id='word_1_548' title='bbox 1321 2766 1408 2790; x_wconf 86' lang='lat' dir='ltr'>dictis</span> <span class='ocrx_word' id='word_1_549' title='bbox 1433 2765 1516 2789; x_wconf 83' lang='lat' dir='ltr'>libris</span> <span class='ocrx_word' id='word_1_550' title='bbox 1542 2763 1710 2795; x_wconf 82' lang='lat' dir='ltr'>quingentis</span> <span class='ocrx_word' id='word_1_551' title='bbox 1737 2771 1751 2786; x_wconf 88' lang='lat' dir='ltr'>a</span> <span class='ocrx_word' id='word_1_552' title='bbox 1777 2762 1855 2786; x_wconf 80' lang='lat' dir='ltr'>dIcto</span> <span class='ocrx_word' id='word_1_553' title='bbox 1881 2762 2000 2786; x_wconf 86' lang='lat' dir='ltr'>Albrico</span> 
     </span>
     <span class='ocr_line' id='line_1_72' title="bbox 151 2808 1999 2845; baseline -0.003 -9"><span class='ocrx_word' id='word_1_554' title='bbox 151 2811 257 2841; x_wconf 87' lang='lat' dir='ltr'>Leone,</span> <span class='ocrx_word' id='word_1_555' title='bbox 283 2811 422 2835; x_wconf 78' lang='lat' dir='ltr'>facientes</span> <span class='ocrx_word' id='word_1_556' title='bbox 441 2811 511 2835; x_wconf 86' lang='lat' dir='ltr'>dicti</span> <span class='ocrx_word' id='word_1_557' title='bbox 533 2811 635 2835; x_wconf 83' lang='lat' dir='ltr'>fratres</span> <span class='ocrx_word' id='word_1_558' title='bbox 655 2812 682 2835; x_wconf 87' lang='lat' dir='ltr'>et</span> <span class='ocrx_word' id='word_1_559' title='bbox 702 2812 824 2843; x_wconf 86' lang='lat' dir='ltr'>quilibet</span> <span class='ocrx_word' id='word_1_560' title='bbox 845 2813 973 2845; x_wconf 90' lang='lat' dir='ltr'>ipsorum</span> <span class='ocrx_word' id='word_1_561' title='bbox 999 2812 1091 2836; x_wconf 87' lang='lat' dir='ltr'>eidem</span> <span class='ocrx_word' id='word_1_562' title='bbox 1118 2811 1239 2835; x_wconf 85' lang='lat' dir='ltr'>Albrico</span> <span class='ocrx_word' id='word_1_563' title='bbox 1265 2818 1316 2842; x_wconf 89' lang='lat' dir='ltr'>pro</span> <span class='ocrx_word' id='word_1_564' title='bbox 1344 2818 1371 2834; x_wconf 89' lang='lat' dir='ltr'>se</span> <span class='ocrx_word' id='word_1_565' title='bbox 1397 2812 1423 2834; x_wconf 82' lang='lat' dir='ltr'>et</span> <span class='ocrx_word' id='word_1_566' title='bbox 1450 2811 1508 2833; x_wconf 85' lang='lat' dir='ltr'>suis</span> <span class='ocrx_word' id='word_1_567' title='bbox 1531 2809 1680 2832; x_wconf 84' lang='lat' dir='ltr'>heredibus</span> <span class='ocrx_word' id='word_1_568' title='bbox 1705 2808 1860 2839; x_wconf 85' lang='lat' dir='ltr'>stipulanti</span> <span class='ocrx_word' id='word_1_569' title='bbox 1888 2815 1999 2831; x_wconf 90' lang='lat' dir='ltr'>omnem</span> 
     </span>
    </p>
   </div>
   <div class='ocr_carea' id='block_1_22' title="bbox 151 2905 1048 3029">
    <p class='ocr_par' dir='ltr' id='par_1_22' title="bbox 151 2905 1048 3029">
     <span class='ocr_line' id='line_1_73' title="bbox 241 2905 1047 2946; baseline 0 -8"><span class='ocrx_word' id='word_1_570' title='bbox 241 2912 248 2929; x_wconf 88' lang='lat'>¹</span> <span class='ocrx_word' id='word_1_571' title='bbox 269 2905 290 2938; x_wconf 64' lang='lat' dir='ltr'>E</span> <span class='ocrx_word' id='word_1_572' title='bbox 310 2913 401 2945; x_wconf 88' lang='lat' dir='ltr'>questi</span> <span class='ocrx_word' id='word_1_573' title='bbox 421 2913 442 2937; x_wconf 88' lang='lat' dir='ltr'>il</span> <span class='ocrx_word' id='word_1_574' title='bbox 463 2913 543 2946; x_wconf 82' lang='lat' dir='ltr'>figlio</span> <span class='ocrx_word' id='word_1_575' title='bbox 570 2913 600 2937; x_wconf 83' lang='lat' dir='ltr'>dl</span> <span class='ocrx_word' id='word_1_576' title='bbox 626 2913 782 2938; x_wconf 86' lang='lat' dir='ltr'>Francesco</span> <span class='ocrx_word' id='word_1_577' title='bbox 809 2914 838 2938; x_wconf 88' lang='lat' dir='ltr'>dl</span> <span class='ocrx_word' id='word_1_578' title='bbox 865 2914 1047 2945; x_wconf 80' lang='lat' dir='ltr'>Pieroconte,</span> 
     </span>
     <span class='ocr_line' id='line_1_74' title="bbox 151 2954 1047 2988; baseline 0 -8"><span class='ocrx_word' id='word_1_579' title='bbox 151 2956 201 2980; x_wconf 67' lang='lat' dir='ltr'>vhe</span> <span class='ocrx_word' id='word_1_580' title='bbox 221 2962 304 2988; x_wconf 87' lang='lat' dir='ltr'>sopra</span> <span class='ocrx_word' id='word_1_581' title='bbox 323 2954 337 2979; x_wconf 75' lang='grc' dir='ltr'>ὲ</span> <span class='ocrx_word' id='word_1_582' title='bbox 356 2957 431 2979; x_wconf 87' lang='lat' dir='ltr'>stato</span> <span class='ocrx_word' id='word_1_583' title='bbox 453 2955 647 2984; x_wconf 81' lang='lat' dir='ltr'>individuuto,</span> <span class='ocrx_word' id='word_1_584' title='bbox 670 2956 794 2980; x_wconf 82' lang='lat' dir='ltr'>distinto</span> <span class='ocrx_word' id='word_1_585' title='bbox 819 2963 834 2980; x_wconf 88' lang='lat' dir='ltr'>e</span> <span class='ocrx_word' id='word_1_586' title='bbox 860 2956 974 2980; x_wconf 87' lang='lat' dir='ltr'>diverso</span> <span class='ocrx_word' id='word_1_587' title='bbox 1001 2956 1047 2980; x_wconf 82' lang='lat' dir='ltr'>dal</span> 
     </span>
     <span class='ocr_line' id='line_1_75' title="bbox 151 2997 1048 3029; baseline 0 -7"><span class='ocrx_word' id='word_1_588' title='bbox 151 3005 240 3023; x_wconf 89' lang='lat' dir='ltr'>coevo</span> <span class='ocrx_word' id='word_1_589' title='bbox 260 2998 409 3022; x_wconf 85' lang='lat' dir='ltr'>omonimo</span> <span class='ocrx_word' id='word_1_590' title='bbox 435 2997 603 3026; x_wconf 85' lang='lat' dir='ltr'>Francesco,</span> <span class='ocrx_word' id='word_1_591' title='bbox 628 2997 708 3029; x_wconf 79' lang='lat' dir='ltr'>figiio</span> <span class='ocrx_word' id='word_1_592' title='bbox 735 2998 763 3022; x_wconf 88' lang='lat' dir='ltr'>di</span> <span class='ocrx_word' id='word_1_593' title='bbox 790 2997 925 3023; x_wconf 88' lang='lat' dir='ltr'>Alberico</span> <span class='ocrx_word' id='word_1_594' title='bbox 952 2997 1048 3022; x_wconf 88' lang='lat' dir='ltr'>Leone</span> 
     </span>
    </p>
   </div>
   <div class='ocr_carea' id='block_1_23' title="bbox 1103 2910 1657 2984">
    <p class='ocr_par' dir='ltr' id='par_1_23' title="bbox 1103 2910 1657 2984">
     <span class='ocr_line' id='line_1_76' title="bbox 1103 2910 1557 2945; baseline -0.009 -7"><span class='ocrx_word' id='word_1_595' title='bbox 1103 2914 1244 2945; x_wconf 70' lang='lat' dir='ltr'>(Csomo.</span> <span class='ocrx_word' id='word_1_596' title='bbox 1264 2913 1374 2941; x_wconf 75' lang='lat' dir='ltr'>Alhero,</span> <span class='ocrx_word' id='word_1_597' title='bbox 1394 2919 1421 2944; x_wconf 83' lang='lat' dir='ltr'>p.</span> <span class='ocrx_word' id='word_1_598' title='bbox 1443 2919 1482 2936; x_wconf 78' lang='lat'>21.</span> <span class='ocrx_word' id='word_1_599' title='bbox 1505 2910 1557 2941; x_wconf 79' lang='lat'>23).</span> 
     </span>
     <span class='ocr_line' id='line_1_77' title="bbox 1193 2954 1657 2984; baseline -0.011 -4"><span class='ocrx_word' id='word_1_600' title='bbox 1193 2954 1203 2970; x_wconf 79' lang='lat'><strong>²</strong></span> <span class='ocrx_word' id='word_1_601' title='bbox 1224 2955 1270 2980; x_wconf 81' lang='lat' dir='ltr'>Cf.</span> <span class='ocrx_word' id='word_1_602' title='bbox 1291 2954 1419 2983; x_wconf 71' lang='lat' dir='ltr'>CEOLDO,</span> <span class='ocrx_word' id='word_1_603' title='bbox 1441 2954 1549 2982; x_wconf 75' lang='lat' dir='ltr'>Albero,</span> <span class='ocrx_word' id='word_1_604' title='bbox 1571 2960 1596 2984; x_wconf 84' lang='lat' dir='ltr'>p.</span> <span class='ocrx_word' id='word_1_605' title='bbox 1617 2959 1657 2983; x_wconf 82' lang='lat'>23.</span> 
     </span>
    </p>
   </div>
  </div>
 </body>
</html>
