2290 3449
69 738 100 765 10

70 962 100 989 15

66 1407 99 1434 25

63 1630 98 1657 30

65 2078 101 2104 40

63 2301 96 2328 45

64 2523 99 2549 50

66 2744 100 2771 55

68 2967 104 2994 60

484 205 659 242 GESTA
688 200 995 242 MAGNIFICA
1023 207 1208 243 DOMUS
1237 208 1630 244 CARRARIENSIS
1909 213 1983 246 213

134 340 182 364 via
200 340 338 368 comunis,
359 339 392 363 ab
413 339 470 363 alia
490 339 565 362 idem
585 339 729 363 dominus.
768 339 803 363 Et
823 341 921 363 omnia
941 339 1069 371 predicta
1096 340 1258 363 casamenta
1284 339 1405 363 reddunt
1432 340 1552 364 affictum
1579 340 1654 365 dicto
1680 343 1706 366 (1.
1727 342 1869 368 Marsilio.
1906 344 1986 374 Item,

133 385 335 414 casamentum,
355 383 386 406 in
405 389 460 414 quo
479 382 592 406 habitat
610 382 754 407 Iohannes
773 383 890 412 Nucius,
907 384 1002 416 jacens
1023 383 1113 414 Agne.
1150 383 1228 413 Item,
1242 384 1442 411 casamentum,
1463 383 1493 406 in
1514 391 1568 415 quo
1587 385 1699 409 habitat
1712 386 1876 417 Brigabenc,
1889 388 1984 420 jacens

131 429 224 461 Agne.
258 428 338 456 Item,
359 427 437 452 aliud
456 429 658 455 casamentum,
678 428 707 451 in
728 435 783 459 quo
803 428 915 452 habitat
934 428 1034 452 Petrus
1053 427 1209 459 gastaldus,
1229 428 1325 460 J'acens
1346 426 1436 459 Agne.
1474 428 1553 458 Item,
1571 428 1651 452 aliud
1666 433 1865 462 casamentum,
1883 432 1912 455 in
1927 439 1982 463 quo

132 473 245 498 habitat
258 473 435 500 Iohanicius,
448 473 546 505 jacens
561 473 589 496 in
609 472 681 496 villa
695 472 785 504 Agne.
821 473 902 502 Item,
917 472 996 496 aliud
1012 473 1214 500 casamentum,
1230 471 1260 495 in
1275 479 1331 503 quo
1351 472 1465 495 habitat
1486 472 1623 497 Nicolaus
1643 481 1735 505 preco,
1753 476 1848 507 jacens
1862 476 1892 500 in
1913 477 1985 500 villa

129 519 221 550 Agne.
258 518 336 548 Item,
358 517 447 541 alium
467 519 667 545 casamentum,
686 518 783 550 jacens
804 519 833 541 in
854 517 925 541 villa
946 515 1035 545 Cessi,
1056 517 1085 540 in
1101 524 1156 547 quo
1170 516 1283 540 habitat
1304 516 1484 541 Cassarinus.
1522 517 1602 546 Item,
1622 522 1823 550 casamentum,
1838 521 1933 553 jacens
1953 521 1983 545 in

105 582 111 585 .
128 563 226 589 Cesso.
246 564 275 586 ln
295 569 351 593 quo
371 561 485 585 habitat
503 561 618 593 Veglus.
656 562 736 589 Item,
756 564 960 591 casamentum,
978 562 1074 594 jacens
1096 562 1125 584 in
1146 560 1217 584 villa
1238 560 1328 589 Cessi‚
1343 562 1371 584 in
1387 568 1443 592 quo
1457 562 1569 586 habitat
1584 563 1722 587 Benellus.
1754 564 1811 588 Ista
1826 567 1893 589 octo
1907 572 1983 589 casa-

134 608 228 631 menta
247 607 377 638 superius
396 606 539 630 declarata
558 608 625 630 sunt
637 606 670 630 de
685 608 765 638 parte
784 607 855 630 dicti
874 607 901 630 d.
920 605 1055 635 Marsilii,
1069 608 1096 628 et
1114 605 1292 629 habitatores
1306 613 1403 629 eorum
1418 605 1521 630 debent
1540 606 1648 630 servire
1669 608 1748 631 dicto
1768 609 1888 633 domino
1907 610 1981 633 Mar-

129 652 200 675 silio
219 651 283 675 solo
301 658 408 675 amore.
444 651 476 674 In
497 652 608 682 primis,
627 652 702 675 circa
721 658 837 682 campos
857 650 1000 674 sexdecim
1021 651 1048 673 et
1070 650 1139 674 duas
1158 651 1280 681 perticas
1301 651 1374 674 terre
1395 651 1531 681 pratalee,
1550 651 1672 683 jacentis
1692 652 1722 675 in
1743 652 1877 677 districtu
1893 655 1984 685 Agne,

129 697 160 720 In
180 695 371 728 Magnaferro,
391 696 505 719 coheret
523 696 556 720 ab
576 703 632 719 una
652 697 732 728 parte
751 697 806 723 via,
825 695 861 719 ab
881 695 948 718 aliis
968 694 1063 718 dictus
1084 695 1227 723 dominus,
1242 696 1269 718 et
1290 696 1403 718 tenetur
1424 696 1453 718 in
1477 695 1615 719 donicatu
1630 703 1678 726 per
1698 696 1806 720 dictum
1827 697 1984 722 dominum.

131 741 210 771 Item,
230 741 308 764 circa
327 747 417 764 unum
436 747 566 772 campum
586 742 659 763 terre
677 741 814 767 aratorie,
833 739 956 772 jacentis
971 739 1000 762 in
1021 738 1120 762 eodem
1142 739 1217 766 loco,
1238 738 1351 762 coheret
1372 739 1404 762 ab
1420 747 1476 762 una
1490 741 1570 771 parte
1584 740 1640 768 via,
1655 740 1689 763 ab
1704 741 1760 764 alia
1780 742 1873 765 dictus
1893 742 1983 766 domi-

130 792 191 812 nus¹
211 785 240 808 et
259 785 407 808 laboratur
427 792 476 816 per
497 785 636 809 Ametum.
673 784 752 813 Item,
772 784 846 807 clrca
866 782 1001 807 undecim
1015 790 1130 814 campos
1151 785 1178 806 et
1192 784 1317 815 perticas
1338 783 1407 807 duas
1426 785 1501 807 terre
1520 784 1646 808 aratorie
1660 786 1687 808 et
1701 786 1851 817 pratalive,
1864 787 1984 819 jacentis

128 831 160 854 In
182 830 314 860 Fornace,
336 830 452 854 coheret
470 830 505 854 ab
525 837 581 853 una
602 830 681 861 parte
699 829 755 858 via,
774 828 808 852 ab
824 827 882 851 alia
903 827 998 851 dictus
1018 827 1044 851 d.
1064 827 1221 856 Marsilius,
1241 830 1268 851 et
1291 829 1345 852 ista
1366 830 1440 852 terra
1461 828 1610 852 laboratur
1630 835 1679 860 per
1707 829 1815 853 dictum
1836 831 1983 855 dominum

131 874 283 899 Coatesam
301 875 329 898 et
348 874 497 899 Basilium.
534 874 613 904 Item,
633 874 708 897 circa
725 879 841 904 campos
861 874 918 896 tres
932 873 959 896 et
973 873 1096 904 perticas
1116 874 1241 904 quinque
1255 874 1330 897 terre
1345 874 1468 897 aratorie
1482 874 1509 897 et
1523 873 1658 905 pratalee,
1672 874 1796 906 J'acentls
1810 882 1893 907 super
1906 876 1982 899 viam

131 920 285 952 Nogarole,
305 919 418 943 coheret
438 919 471 943 ab
492 926 548 943 una
568 920 647 950 parte
668 919 724 947 via,
743 917 779 941 ab
798 917 866 941 aliis
886 917 962 940 idem
983 917 1125 947 dominus,
1145 918 1174 942 et
1193 918 1341 941 laboratur
1361 925 1409 950 per
1429 917 1579 941 Coatesam
1600 919 1628 942 et
1650 918 1776 942 fratrem.
1810 919 1889 948 Item,
1910 921 1984 944 circa

133 966 188 988 tres
207 972 320 997 campos
340 966 367 988 et
387 964 539 988 dimidIum
560 965 633 987 terre
651 962 776 986 aratorie
795 963 823 985 et
843 961 979 993 pratalee,
999 963 1122 993 jacentis
1142 962 1172 986 in
1193 962 1292 986 eodem
1316 962 1392 992 loco,
1412 962 1526 986 coheret
1552 963 1587 986 ab
1610 970 1665 986 una
1686 965 1766 995 parte
1792 965 1847 992 via,
1873 964 1906 987 ab
1927 965 1983 988 alia

131 1009 225 1033 dietus
244 1009 388 1037 dominus,
406 1009 434 1032 et
453 1008 599 1031 laboratur
619 1014 667 1038 per
686 1005 844 1030 Gerardum
862 1008 890 1030 et
909 1006 1089 1030 Salvadeum.
1126 1006 1293 1035 Item,circa
1312 1014 1427 1039 campos
1440 1007 1582 1030 sexdecim
1604 1009 1633 1031 et
1652 1008 1758 1040 viginti
1779 1008 1891 1032 tabulas
1911 1011 1982 1033 terre

128 1055 261 1082 aratorIe,
286 1060 339 1084 que
364 1052 471 1076 dicitur
498 1052 629 1076 braidum
658 1050 752 1075 Vallis
780 1051 912 1079 Hei-bare,
938 1051 972 1074 ab
998 1058 1054 1075 una
1084 1053 1164 1083 parte
1195 1053 1252 1079 via,
1280 1051 1312 1075 ab
1339 1052 1407 1076 aliis
1433 1051 1528 1076 dictus
1554 1052 1697 1082 dominus,
1717 1054 1745 1076 et
1764 1053 1913 1077 laboratur
1935 1061 1983 1085 per

131 1097 288 1122 Gerardum
308 1098 336 1121 et
355 1095 533 1121 Salvadeum.
570 1095 647 1126 Item,
669 1096 744 1119 circa
764 1102 879 1127 campos
900 1095 994 1119 decem
1021 1098 1048 1119 et
1069 1096 1192 1127 perticas
1218 1095 1313 1120 decem
1334 1097 1407 1120 terre
1427 1097 1560 1126 aratorie,
1587 1097 1621 1120 de
1640 1103 1697 1128 quo
1724 1099 1790 1120 sunt
1809 1097 1865 1121 duo
1889 1099 1982 1129 campi

131 1143 216 1174 prati,
235 1141 311 1173 quod
331 1141 437 1165 dicitur
456 1139 586 1164 braidum
606 1139 718 1170 Orcule,
740 1140 854 1163 coheret
868 1146 884 1163 a
898 1140 1006 1164 duabus
1022 1140 1151 1171 partibus
1166 1139 1260 1164 dictus
1281 1140 1424 1170 dominus,
1439 1142 1466 1164 et
1485 1140 1634 1164 laboratur
1647 1147 1696 1172 per
1715 1149 1786 1165 eum.
1814 1142 1895 1172 Item,
1907 1143 1983 1166 circa

131 1193 248 1219 campos
266 1187 387 1217 quatuor
404 1186 433 1209 et
452 1185 575 1216 pettit-„as
596 1191 699 1208 novem
716 1186 743 1208 et
763 1184 916 1208 dimidiam
936 1187 1010 1208 terre
1029 1186 1163 1215 aratorie,
1182 1185 1304 1218 jacentis
1324 1186 1398 1217 apud
1419 1184 1564 1216 Orculam,
1585 1186 1699 1210 coheret
1719 1186 1752 1209 ab
1766 1194 1822 1210 una
1836 1188 1916 1218 parte
1936 1188 1983 1210 via

130 1232 269 1258 comunis.
288 1230 322 1254 ab
340 1230 397 1253 alia
417 1229 511 1253 dictus
530 1229 675 1258 dominus,
694 1230 723 1252 et
742 1229 889 1253 laboratur
909 1236 959 1261 per
972 1229 1121 1258 Basiliam,
1135 1231 1163 1253 et
1176 1231 1258 1262 jacet,
1272 1229 1320 1253 ubi
1336 1229 1444 1253 dicitur
1458 1229 1566 1254 Cando.
1592 1230 1672 1259 Item,
1686 1230 1761 1254 circa
1776 1233 1898 1262 quatuor
1910 1238 1983 1255 cam·

131 1283 182 1307 pos
201 1277 228 1299 et
248 1282 297 1299 sex
316 1275 438 1307 perticas
460 1275 533 1297 terre
553 1274 686 1303 aratorie,
704 1274 827 1306 jacentis
847 1281 933 1305 penes
953 1273 1043 1301 illam,
1063 1274 1178 1298 coheret
1199 1282 1213 1297 a
1233 1274 1341 1297 duabus
1362 1275 1489 1306 partibus
1510 1274 1604 1298 dictus
1624 1274 1769 1305 dominus,
1788 1277 1816 1299 et
1835 1275 1983 1300 laboratur

131 1327 180 1353 per
203 1319 395 1344 Albertinum.
432 1318 511 1347 Item,
538 1318 613 1342 cIrca
638 1324 686 1342 sex
707 1325 822 1350 campos
842 1320 869 1342 et
889 1319 1014 1350 quinque
1040 1320 1164 1350 pertIcas
1183 1320 1211 1342 et
1231 1318 1382 1342 dimidiam
1402 1320 1476 1342 terre
1503 1319 1635 1348 aratorie,
1653 1320 1775 1351 jacentis
1798 1319 1873 1351 apud
1893 1320 1982 1351 illam,

131 1365 245 1388 coheret
270 1371 286 1387 a
305 1363 412 1387 duabus
438 1363 568 1394 partibus
593 1362 687 1386 dictus
714 1362 857 1393 domInus,
883 1364 911 1386 et
933 1363 1081 1387 laboratur
1104 1371 1152 1395 per
1171 1363 1366 1387 Albertinum.
1403 1363 1484 1391 Item,
1504 1365 1580 1388 circa
1599 1371 1647 1387 sex
1672 1371 1786 1396 campos
1811 1366 1839 1389 et
1858 1366 1983 1396 quinque

131 1408 253 1442 pertIcas
272 1409 301 1432 et
319 1407 470 1432 dimidiam
489 1408 564 1431 terre
584 1408 715 1437 materie,
737 1407 858 1431 iacentis
879 1407 954 1439 apud
980 1408 1071 1436 illam,
1092 1408 1207 1432 coheret
1230 1408 1263 1431 ab
1283 1415 1340 1431 una
1365 1409 1445 1440 parte
1466 1409 1522 1437 via,
1549 1409 1582 1432 ab
1601 1408 1660 1432 alia
1686 1409 1760 1432 idem
1785 1408 1930 1439 dominus,
1956 1411 1984 1434 et

130 1454 277 1478 laboratur
301 1460 350 1485 per
376 1451 532 1476 Xandrum.
567 1451 648 1482 Item,
667 1453 744 1475 circa
770 1459 886 1484 campos
906 1454 1012 1485 septem
1031 1453 1058 1476 et
1084 1453 1206 1484 perticas
1226 1454 1282 1476 tres
1301 1454 1330 1476 et
1349 1452 1501 1476 dimidiam
1520 1454 1593 1477 terre
1614 1453 1746 1483 aratorie,
1765 1454 1887 1486 Jacentls
1900 1461 1983 1486 super

130 1498 206 1522 viam
219 1498 322 1522 fossati
342 1498 420 1526 novi,
440 1497 555 1521 coheret
572 1497 606 1521 ab
627 1503 683 1520 una
703 1498 783 1528 parte
805 1496 851 1520 via
871 1498 1010 1525 comunis,
1030 1497 1063 1521 ab
1085 1497 1141 1521 alia
1162 1497 1237 1521 idem
1258 1497 1401 1525 dominus,
1421 1499 1448 1521 et
1469 1497 1618 1521 laboratur
1638 1505 1687 1529 per
1707 1497 1868 1522 Coatesam.
1903 1499 1983 1529 Item,

131 1544 206 1567 circa
224 1550 338 1574 campos
358 1543 451 1566 decem
471 1543 498 1566 et
518 1543 624 1574 septem
643 1543 671 1566 et
685 1542 808 1574 perticas
822 1543 879 1565 tres
894 1543 967 1566 terre
987 1542 1113 1566 aratorle
1127 1544 1154 1566 et
1169 1542 1304 1574 pratalce,
1318 1543 1440 1575 jacentis
1454 1543 1485 1566 in
1501 1543 1586 1566 fovea
1600 1541 1702 1574 Gurgi,
1717 1543 1831 1567 coheret
1843 1551 1859 1567 a
1874 1543 1981 1568 duabus

130 1587 261 1619 partibus
279 1587 372 1611 dictus
391 1586 533 1615 dominus,
553 1587 581 1610 et
600 1586 748 1610 laboratur
768 1593 817 1618 per
836 1586 1002 1610 paduanum
1018 1588 1044 1610 et
1058 1586 1135 1610 filios
1149 1586 1293 1618 Pegoloti.
1332 1586 1410 1616 Item,
1432 1587 1505 1610 circa
1520 1589 1577 1611 tres
1592 1595 1706 1618 campos
1720 1589 1747 1611 et
1768 1589 1891 1620 perticas
1911 1588 1979 1612 duo-

127 1633 219 1656 decim
238 1633 311 1655 terre
330 1631 466 1660 aratorie,
484 1631 606 1664 jacentis
627 1631 656 1654 in
678 1631 789 1654 fossato
811 1638 895 1659 novo,
916 1630 1030 1654 coheret
1049 1631 1085 1654 ab
1105 1638 1161 1654 una
1175 1632 1255 1663 parte
1276 1632 1332 1660 via,
1347 1631 1381 1655 ab
1401 1631 1457 1655 alia
1473 1631 1546 1655 idem
1567 1630 1711 1661 dominus,
1726 1633 1753 1656 et
1766 1632 1914 1656 laboratur
1928 1639 1976 1664 per

127 1676 321 1700 Albertlnum.
354 1675 435 1705 Item,
455 1677 530 1699 circa
549 1682 664 1707 campos
690 1675 842 1699 tresdecim
861 1676 889 1699 et
907 1677 1031 1707 perticas
1058 1677 1125 1699 octo
1150 1677 1178 1699 et
1202 1676 1394 1707 quadraginta
1421 1675 1534 1699 tabulas
1554 1678 1628 1700 terre
1652 1676 1787 1706 aratorle,
1807 1676 1927 1709 jacentis
1948 1678 1978 1700 In

129 1721 227 1745 eodem
246 1721 320 1752 loco,
340 1720 454 1745 coheret
474 1720 507 1744 ab
522 1726 578 1744 una
591 1721 670 1751 parte
690 1721 745 1747 via,
759 1720 793 1743 ab
806 1719 864 1743 aIIa
879 1719 953 1743 idem
968 1720 1111 1749 dominus,
1125 1721 1153 1744 et
1167 1720 1315 1744 laboratur
1329 1727 1378 1752 per
1392 1719 1534 1751 Ametum,
1550 1719 1723 1744 Salvadeum
1738 1722 1765 1744 et
1784 1721 1978 1746 Albertinum.

126 1766 207 1796 Item,
227 1767 302 1790 circa
315 1767 438 1797 quatuor
451 1772 565 1797 campos
579 1766 606 1788 et
622 1766 679 1788 tres
699 1765 824 1796 perticas
842 1766 914 1788 terre
929 1766 1064 1794 aratorie,
1077 1764 1199 1797 jacentis
1214 1766 1241 1788 et
1255 1764 1354 1788 eodem
1369 1765 1444 1794 loco,
1459 1765 1574 1789 coheret
1587 1772 1602 1789 a
1618 1765 1726 1789 duabus
1741 1766 1870 1797 partibus
1885 1766 1978 1790 dictus

128 1811 271 1839 dominus,
290 1812 318 1834 et
336 1810 483 1834 laboratur
502 1817 550 1842 per
568 1808 744 1833 Paduanum.
781 1809 859 1837 Item,
880 1810 955 1833 circa
973 1811 1095 1840 quatuor
1110 1816 1227 1841 campos
1247 1811 1275 1833 et
1295 1811 1418 1840 quatuor
1438 1811 1562 1842 perticas
1576 1811 1649 1834 terre
1664 1811 1788 1834 aratorie
1802 1813 1829 1834 et
1843 1811 1978 1842 pratalee,

129 1856 252 1888 jacentis
272 1855 301 1879 in
327 1854 424 1878 eodem
450 1854 525 1883 loco,
550 1854 665 1878 coheret
684 1860 700 1877 a
721 1853 828 1878 duabus
855 1854 985 1886 partibus
1006 1854 1098 1878 dictus
1120 1855 1262 1882 dominus,
1283 1856 1311 1878 et
1331 1854 1480 1878 laboratur
1500 1862 1549 1886 per
1572 1854 1766 1879 Benedictum.
1804 1855 1883 1884 Item,
1903 1856 1978 1879 circa

130 1902 236 1932 septem
256 1907 370 1931 campos
390 1901 418 1924 et
436 1899 560 1931 quinque
580 1900 703 1930 perticas
722 1900 750 1923 et
769 1899 880 1923 tabulas
900 1899 1050 1923 duodecim
1070 1901 1144 1923 terre
1157 1899 1291 1928 aratorie,
1306 1900 1428 1932 jacentis
1443 1900 1518 1931 apud
1539 1899 1682 1924 fossatum
1699 1907 1814 1929 novum,
1828 1900 1942 1924 coheret
1961 1908 1978 1924 a

131 1945 239 1969 duabus
258 1945 387 1976 partibus
406 1944 500 1968 dictus
519 1943 662 1973 dominus,
680 1944 709 1967 et
728 1943 875 1968 laboratur
895 1951 943 1975 per
964 1944 1159 1968 Benedictum.
1196 1943 1276 1972 Item,
1298 1945 1373 1968 circa
1386 1945 1510 1975 quatuor
1524 1951 1639 1977 campos
1658 1946 1686 1968 et
1701 1952 1750 1968 sex
1769 1945 1891 1977 perticas
1906 1946 1979 1969 terre

130 1991 263 2020 arator-Ie,
279 1990 401 2023 jacentis
419 1996 503 2021 super
521 1988 698 2018 Salivellam,
719 1989 834 2013 coheret
855 1989 888 2013 ab
909 1997 966 2013 una
981 1991 1061 2020 parte
1076 1989 1134 2018 via,
1149 1990 1182 2013 ab
1197 1989 1264 2013 aliis
1286 1990 1361 2012 idem
1376 1989 1520 2018 dominus,
1533 1991 1561 2013 et
1580 1990 1727 2013 laboratur
1741 1997 1790 2021 per
1802 1987 1871 2014 ****.
1902 1989 1982 2020 Item,

130 2036 205 2059 circa
223 2036 282 2059 tres
300 2041 416 2066 campos
430 2035 458 2058 et
471 2034 605 2066 perticam
623 2040 709 2057 unam
723 2035 797 2057 terre
810 2034 944 2063 aratorie,
957 2034 1077 2066 jacentis
1093 2041 1177 2065 penes
1197 2034 1288 2065 illam,
1305 2034 1420 2058 coheret
1433 2041 1448 2057 a
1463 2034 1572 2058 duabus
1587 2035 1717 2065 partibus
1731 2034 1825 2058 dictus
1839 2035 1981 2063 dominus,

131 2082 159 2104 et
177 2079 325 2104 laboratur
344 2087 393 2110 per
412 2079 603 2103 Benedictum.
641 2077 720 2107 Item,
735 2080 811 2102 circa
831 2079 981 2103 duodecim
1002 2081 1125 2111 perticas
1140 2081 1213 2103 terre
1227 2080 1351 2103 aratorie
1370 2080 1446 2103 cirea
1463 2079 1601 2103 fossatum
1616 2086 1732 2108 novum,
1752 2079 1865 2103 coheret
1884 2087 1900 2104 a
1914 2079 1980 2104 dua-

129 2126 181 2149 bus
200 2124 330 2156 partibus
343 2124 437 2148 dictus
450 2123 592 2153 dominus,
611 2125 640 2148 et
659 2123 806 2147 laboratur
821 2131 870 2156 per
884 2124 998 2147 Petrum
1012 2124 1184 2155 gastaldum.
1222 2124 1302 2151 Item,
1316 2124 1393 2147 circa
1413 2131 1527 2155 campos
1542 2131 1598 2152 sex,
1613 2124 1736 2156 perticas
1755 2125 1888 2148 undecim
1906 2126 1980 2149 terre

131 2169 264 2197 aratorie.
281 2169 403 2201 jacentis
422 2167 453 2191 in
473 2168 562 2200 peciis
581 2168 615 2192 de
634 2167 735 2201 Vegla,
756 2168 871 2192 coheret
891 2169 925 2192 ab
947 2176 1002 2192 una
1022 2171 1102 2201 parte
1122 2169 1178 2199 via,
1200 2168 1234 2192 ab
1255 2169 1321 2192 aliis
1335 2168 1429 2192 dictus
1449 2169 1591 2198 dominus,
1611 2170 1638 2192 et
1653 2169 1799 2193 laboratur
1813 2177 1861 2200 per
1874 2169 1980 2201 Johan-

130 2222 203 2238 nem.
238 2213 317 2241 Item,
343 2213 418 2236 circa
443 2219 557 2244 campos
583 2214 648 2236 octo
668 2214 742 2236 terre
768 2213 901 2241 aratorie,
927 2214 1050 2246 J'acentis
1070 2220 1155 2245 penes
1183 2213 1274 2241 illam,
1299 2213 1415 2237 coheret
1434 2213 1469 2236 ab
1488 2220 1544 2236 una
1565 2214 1644 2244 parte
1668 2214 1725 2242 via,
1746 2213 1780 2237 ab
1800 2212 1867 2237 aIIIs
1885 2213 1980 2237 dictus

129 2259 271 2289 dominus,
292 2259 320 2282 et
338 2257 484 2281 laboratur
502 2264 552 2288 per
572 2256 718 2282 Guasium.
756 2257 834 2285 Item,
856 2259 931 2281 circa
957 2259 1082 2288 qulnque
1102 2266 1216 2290 campos
1243 2259 1271 2281 et
1291 2258 1413 2288 perticas
1439 2257 1569 2281 undecim
1590 2259 1618 2281 et
1638 2258 1750 2282 tabulas
1777 2258 1886 2290 viginti
1913 2265 1980 2290 qua-

128 2305 195 2327 tuor
213 2305 287 2326 terre
306 2302 437 2332 aratorie,
457 2302 579 2334 jacentis
598 2309 687 2334 prope
707 2303 841 2326 carubum
860 2302 1014 2332 Astmrelst,
1035 2303 1068 2326 ab
1082 2310 1138 2326 una
1159 2305 1238 2335 parte
1253 2304 1309 2329 via,
1323 2302 1359 2325 ab
1379 2302 1447 2325 aliis
1462 2302 1537 2326 idem
1558 2302 1702 2331 dominus,
1717 2304 1745 2326 et
1766 2302 1914 2327 laboratur
1928 2309 1977 2334 per

127 2346 284 2371 Gerardum
304 2346 452 2371 Per-sende.
484 2347 565 2376 Item,
584 2347 659 2370 circa
679 2347 804 2378 quinque
823 2354 939 2378 campos
963 2348 991 2371 et
1011 2348 1077 2370 octo
1098 2348 1221 2378 perticas
1241 2348 1314 2371 terre
1336 2346 1470 2376 aratorie,
1490 2346 1612 2378 jacentis
1634 2347 1661 2370 in
1683 2347 1789 2378 SangO,
1808 2347 1923 2371 coheret
1943 2347 1976 2371 ab

127 2400 182 2416 una
202 2393 280 2423 parte
300 2392 356 2418 via.
375 2392 411 2415 ab
432 2391 501 2415 aliis
525 2391 602 2415 idem
626 2391 769 2420 dominus,
794 2392 822 2414 et
841 2391 990 2415 laboratur
1009 2399 1058 2422 per
1078 2390 1237 2415 Coatesam¹
1275 2391 1353 2421 Item,
1383 2392 1457 2414 circa
1483 2390 1648 2421 quindecim
1666 2397 1783 2423 campos
1803 2393 1830 2415 et
1849 2391 1974 2423 perticas

127 2436 259 2460 undecim
279 2438 353 2460 terre
371 2435 506 2464 aratorie,
525 2436 647 2468 jacentis
666 2436 697 2460 in
718 2434 821 2468 Sango,
841 2436 955 2460 coheret
976 2436 1010 2460 ab
1030 2443 1086 2460 una
1106 2438 1186 2468 parte
1213 2436 1269 2463 via,
1290 2436 1323 2459 ab
1344 2435 1412 2459 aliis
1433 2435 1526 2459 dictus
1547 2435 1690 2463 dominus,
1710 2437 1738 2459 et
1757 2435 1906 2459 laboratur
1925 2443 1974 2467 per

130 2480 290 2505 coatesam.
325 2479 406 2508 Item.
426 2481 502 2504 circa
520 2481 643 2512 quatuor
662 2487 778 2511 campos
797 2482 871 2504 terre
893 2481 1024 2511 aratorie,
1046 2482 1168 2513 iacentis
1188 2488 1276 2512 prope
1295 2479 1425 2504 braidum
1445 2479 1542 2510 Sang1,
1561 2480 1676 2504 coheret
1691 2480 1724 2503 ab
1745 2487 1800 2504 una
1821 2482 1901 2511 parte
1920 2481 1978 2510 via,

128 2525 163 2549 ab
186 2525 254 2549 aIiis
282 2524 357 2548 idem
383 2525 528 2553 dominus,
556 2526 583 2548 et
602 2524 750 2548 laboratur
776 2532 825 2556 per
851 2525 984 2549 Ametum
1004 2524 1099 2549 Frixe.
1136 2525 1215 2554 Item,
1236 2526 1311 2548 circa
1332 2531 1447 2555 campos
1466 2524 1657 2556 quadraginta
1677 2526 1744 2548 octo
1765 2526 1792 2548 et
1818 2524 1971 2548 dimidium

130 2571 204 2594 terre
223 2570 356 2597 aratorie,
375 2576 428 2600 que
447 2569 554 2593 dicitur
572 2569 702 2593 braidum
722 2568 820 2600 Sangi,
840 2569 954 2593 coheret
974 2570 1010 2593 ab
1024 2577 1079 2593 una
1094 2572 1174 2602 parte
1189 2570 1246 2600 via,
1271 2569 1305 2592 ab
1325 2568 1392 2592 aliis
1412 2568 1487 2592 idem
1508 2569 1650 2598 dominus,
1665 2570 1692 2592 et
1706 2569 1853 2593 laboratur
1866 2576 1916 2601 per
1928 2568 1979 2593 Pe-

128 2613 258 2646 golatum
272 2614 299 2637 et
314 2613 424 2637 fratres,
451 2612 530 2642 Item.
543 2614 619 2637 circa
634 2613 705 2637 duos
721 2620 835 2645 campos
849 2615 877 2637 et
892 2613 1042 2637 dimidiam
1057 2614 1196 2645 perticam
1212 2615 1284 2637 terre
1300 2613 1433 2641 aratorie,
1445 2613 1568 2645 jacentis
1584 2614 1613 2637 in
1628 2613 1734 2644 Sango,
1746 2613 1860 2637 coheret
1875 2613 1909 2638 ab
1924 2621 1980 2637 una

130 2660 211 2690 parte
230 2659 286 2687 via,
307 2658 340 2682 ab
361 2658 427 2681 aliis
446 2657 522 2681 idem
541 2658 682 2687 dominuS,
702 2660 730 2682 et
752 2658 901 2682 laboratur
920 2666 969 2691 pei·
990 2658 1175 2682 Benedictum
1195 2658 1375 2689 Bagatinum.
1413 2657 1492 2686 Item,
1510 2658 1582 2682 duos
1603 2665 1717 2689 campos
1736 2659 1764 2682 et
1784 2659 1840 2681 tres
1855 2658 1978 2689 perticas

130 2704 158 2726 et
177 2702 328 2726 dimidiam
348 2704 421 2726 terre
441 2703 572 2733 amatorie,
589 2703 712 2735 J'acentis
733 2703 763 2726 in
779 2703 896 2734 Tumba,
911 2703 1025 2727 coheret
1040 2711 1054 2727 a
1069 2703 1177 2727 duabus
1197 2703 1327 2735 partibus
1348 2702 1439 2726 dictus
1454 2702 1597 2730 dominus,
1618 2703 1645 2725 et
1666 2703 1813 2726 laboratur
1833 2710 1882 2734 per
1901 2702 1976 2727 filios

130 2746 276 2778 Pegoloti.
312 2746 391 2775 Item,
418 2746 492 2770 circa
518 2745 590 2770 duos
615 2754 731 2778 campos
752 2748 825 2771 terre
844 2749 979 2776 aratorie‚
998 2748 1120 2780 Jacentis
1140 2748 1170 2771 in
1191 2747 1260 2771 ville
1280 2747 1406 2778 Meg-ana,
1427 2746 1541 2770 coheret
1561 2754 1575 2770 a
1595 2747 1704 2771 duabus
1730 2746 1859 2778 partibus
1885 2747 1980 2771 dictus

131 2791 275 2820 dominus.
294 2794 322 2815 et
344 2791 491 2815 labora-tur
509 2798 558 2824 per
577 2790 734 2815 Gerardum
753 2791 903 2816 Persende.
939 2791 1020 2821 Item,
1040 2792 1115 2816 circa
1135 2799 1223 2816 unum
1243 2799 1373 2823 campum
1388 2793 1415 2814 et
1436 2790 1591 2814 dimidium
1610 2792 1684 2815 terre
1703 2791 1837 2819 aratorie,
1856 2792 1979 2823 jacentis

132 2841 215 2866 super
233 2835 434 2867 pontesellum,
454 2835 569 2859 coheret
588 2835 621 2858 ab
641 2842 698 2859 una
717 2838 795 2866 parte
815 2837 870 2864 via,
891 2836 925 2860 ab
945 2836 1004 2860 alia
1024 2836 1120 2860 dictus
1140 2835 1284 2866 dominus,
1303 2837 1329 2859 et
1350 2835 1499 2858 laboretur
1519 2842 1568 2866 per
1586 2834 1780 2859 Percacinum.
1811 2835 1891 2863 Item,
1903 2836 1978 2860 circa

139 2879 245 2911 septem
264 2880 387 2912 perticas
406 2880 434 2903 et
452 2880 560 2911 vlgInti
580 2880 695 2904 tabulas
714 2882 788 2904 terre
808 2881 942 2910 aratorie,
963 2881 1086 2905 lacentis
1107 2887 1191 2912 super
1212 2881 1285 2904 viam
1312 2879 1484 2908 Strocoline,
1505 2880 1619 2903 coheret
1639 2880 1674 2903 ab
1694 2886 1749 2904 una
1769 2881 1850 2911 parte
1871 2880 1926 2908 via,
1944 2880 1978 2904 ab

133 2924 192 2948 alia
211 2924 304 2948 dictus
324 2924 467 2952 dominus,
487 2925 514 2948 et
533 2923 680 2948 laboratur
699 2931 748 2956 per
768 2923 926 2949 Gerar-dum
945 2926 978 2949 de
999 2924 1120 2949 Corneo.
1158 2925 1235 2955 Item,
1257 2924 1335 2948 circa
1354 2931 1441 2948 unum
1462 2931 1590 2955 campum
1610 2925 1637 2948 et
1658 2923 1811 2948 dimidium
1826 2926 1900 2948 terre
1914 2931 1976 2948 ara-

135 2970 217 3001 torie,
238 2969 358 3003 jacentis
379 2970 407 2993 in
429 2969 612 3000 Francoiina,
630 2969 745 2994 coheret
762 2970 796 2994 ab
816 2977 873 2995 una
893 2973 974 3003 parte
994 2971 1054 3000 via,
1073 2970 1108 2994 ab
1128 2970 1186 2994 ulia
1207 2969 1279 2993 idem
1301 2970 1442 3000 dominus,
1463 2969 1492 2993 et
1513 2969 1660 2993 laboratur
1675 2976 1723 3001 per
1741 2968 1817 2993 filios
1837 2968 1979 3001 Pegoloti.
