2290 3449
47 777 86 807 10

33 1369 76 1402 20

35 1634 77 1668 25

42 1960 79 1988 30

46 2185 81 2212 35

47 2408 82 2435 40

51 2631 64 2658 4
69 2630 83 2657 5

46 2852 82 2880 50

461 182 637 218 GESTA
664 182 972 218 MAGNIFICA
1002 181 1189 217 DOMUS
1218 181 1607 217 CARRARIENSIS
1878 186 1952 220 249

109 318 184 340 mate
204 315 320 348 prediti,
338 323 402 339 cum
421 316 529 340 litteris
549 315 737 340 circularibus
757 315 866 339 tenoris
886 315 1069 339 huiusmodi:
1094 315 1253 339 Fridericus
1272 316 1327 339 Det
1347 315 1449 346 gratia
1469 316 1649 339 Romanorum
1670 317 1728 340 Rex
1746 320 1851 347 semper
1863 317 1956 349 Augu-

112 363 175 389 stus,
194 360 269 392 quod
289 360 475 392 privilegium
495 368 590 384 coram
610 360 741 392 predicto
762 359 855 384 iudice
875 367 924 392 per
944 367 987 384 me
1008 359 1152 384 notarium
1172 360 1199 383 et
1219 359 1250 382 in
1272 360 1389 383 testium
1404 359 1657 391 infrascriptorum
1671 362 1815 392 presentia
1834 363 1862 385 et
1882 362 1954 386 alio-

111 412 174 428 rum
192 404 404 435 quamplurium
423 406 569 428 ostensum
590 404 656 433 suit,
682 404 796 433 lectum,
823 404 1001 435 publicatum
1028 410 1059 426 ac
1080 409 1129 433 per
1157 404 1250 435 ipsum
1276 402 1399 435 judicem
1426 403 1530 426 lectum
1558 405 1585 427 et
1605 404 1760 435 diligenter
1786 405 1953 437 inspectum,

112 448 182 472 iuris
201 449 229 472 et
247 449 349 472 statuti
368 449 498 472 comunis
518 448 613 472 Padue
632 449 818 472 solemnitate
839 450 960 477 servata,
976 447 1156 479 predictique
1175 447 1282 470 iudicis
1301 448 1362 479 Jure
1381 448 1409 470 et
1424 447 1594 471 auctoritate
1608 449 1778 481 transcripsi
1792 451 1819 473 et
1834 449 1956 473 fideliter

111 492 280 524 exemplavi,
299 492 412 524 aliquid
432 500 491 517 non
511 493 617 517 addens
638 500 689 517 nec
707 494 828 523 minens,
847 500 897 525 per
916 492 991 523 quod
1011 498 1111 515 sensus
1132 491 1282 522 privilegii
1302 491 1467 515 huiusmodi
1491 493 1616 516 varietur
1632 493 1674 516 vel
1689 494 1832 517 sententia
1845 494 1955 525 aliqua—

114 537 182 561 liter
201 538 372 561 comutetur.
409 537 512 572 Padue,
525 538 554 561 in
569 539 683 561 comuni
706 537 817 568 palatio
831 536 867 560 ad
881 537 989 560 dictum
1009 536 1128 565 discum,
1149 543 1227 559 anno
1247 543 1262 559 a
1283 536 1439 559 nativitate
1453 536 1574 560 Domini
1589 537 1742 561 millesimo
1754 538 1956 562 trecentesimo

109 582 347 613 quinquagesimo
367 581 501 610 secundo,
522 581 686 606 indictione
701 582 811 613 quinta,
825 581 871 605 die
885 580 1019 605 mercurii
1033 586 1065 604 κι
1085 580 1192 604 mensis
1210 581 1345 613 Januarii.
1383 579 1565 604 Presentibus
1586 581 1704 605 domino
1727 583 1838 614 Angelo
1859 591 1884 614 q.
1905 583 1954 606 do-

110 626 182 650 mini
201 625 280 651 Petri
299 625 333 649 de
353 625 512 655 Cindiana.
532 626 566 650 de
585 627 734 650 contracta
753 625 779 650 S.
799 624 919 654 Cecilie,
937 625 1069 656 Johanne
1089 631 1115 655 q.
1135 624 1247 648 domini
1256 624 1358 656 Jacobi
1378 624 1412 648 de
1427 624 1572 654 Foscardi,
1587 625 1621 648 de
1636 627 1784 650 contracta
1797 626 1823 650 S.
1838 627 1955 651 Bartho-

107 670 199 701 lamsi,
220 672 248 694 et
268 670 426 695 Francesco
447 680 472 702 q.
492 670 602 695 domini
623 670 770 694 D2minici
792 677 808 694 a
827 670 901 699 Sale,
922 669 955 693 de
976 671 1126 693 contracta
1147 668 1174 693 S.
1194 669 1349 699 Anthonii,
1370 670 1487 693 notar10
1507 669 1543 693 ad
1564 670 1673 693 dictum
1693 671 1811 700 discum,
1833 673 1860 695 et
1878 671 1955 696 allis.

202 777 273 808 101.
297 776 376 818 [99].
400 794 441 799 —
467 777 521 809 Ne
547 776 662 808 l’anno
686 777 744 808 del
768 776 908 818 signore
933 775 1028 807 mille
1051 780 1204 807 tresento
1228 775 1315 807 vinti
1338 785 1420 812 uno,
1445 776 1574 807 cercha
1598 776 1630 806 la
1654 776 1700 807 fin
1732 777 1777 808 de
1809 777 1959 815 fevraro,

107 830 231 861 siando
254 830 410 862 anchora
434 840 546 861 meser
570 829 697 861 Nicolo
722 829 766 860 da
790 828 939 860 Carrara
962 828 1101 860 andado
1127 838 1194 860 con
1225 839 1336 860 meser
1360 828 1510 860 Uiricho
1543 830 1585 861 de
1617 828 1721 860 Valse
1746 840 1810 870 per
1842 830 1958 862 amba-

106 883 239 914 xadore
263 883 322 915 del
345 883 481 915 Comun
504 882 548 914 de
574 882 670 914 Pava
691 882 723 913 al
747 881 832 913 duse
858 882 902 913 de
926 881 1123 919 Ostericho‚
1147 881 1370 923 imperadore
1389 882 1423 914 di
1441 882 1604 919 Romani,
1625 881 1682 914 dal
1699 881 1788 915 ditto
1804 872 1953 924 impera-

107 935 194 968 dore
218 936 287 968 ello
312 937 350 968 fo
373 936 554 968 adornado
576 935 619 967 de
644 935 798 968 l’ordene
826 933 870 966 de
895 934 1120 966 chavallaria.

200 1052 270 1083 102.
296 1071 337 1076 —
360 1052 592 1083 Instrumento
617 1052 660 1083 de
684 1062 730 1082 un
755 1051 893 1083 sindico
917 1052 1005 1084 fatto
1151 1052 1222 1083 102.
1249 1073 1289 1077 —
1313 1053 1581 1084 Instrumentum
1606 1051 1809 1095 syndicatus
1826 1052 1958 1084 domini

105 1115 170 1146 per
192 1103 224 1136 lo
241 1104 386 1148 egregio
410 1104 610 1136 chavaliero
627 1113 739 1136 meser
757 1103 929 1135 Altiniero
947 1104 1005 1135 dei
1058 1105 1241 1146 potestatis
1264 1105 1385 1137 Padue
1410 1111 1443 1137 et
1467 1105 1692 1137 ancianorum
1718 1106 1874 1137 comunis
1892 1104 1957 1136 Pa-

105 1156 219 1200 Aeoni
243 1158 287 1189 da
311 1158 471 1194 Treviso‚
496 1156 643 1199 podest&
668 1158 711 1189 de
735 1157 842 1195 Pava,
860 1163 894 1188 et
909 1167 972 1199 per
994 1157 1005 1188 i
1058 1157 1124 1189 due
1150 1168 1213 1200 pro
1237 1158 1313 1200 ipso
1332 1159 1469 1190 comuni
1487 1158 1691 1190 facientium
1710 1159 1754 1190 ad
1772 1158 1959 1190 investien-

106 1210 244 1242 aneiani
267 1210 310 1242 de
335 1211 416 1252 quel
441 1221 566 1242 comun
592 1216 625 1242 et
650 1221 711 1252 per
736 1210 768 1242 la
789 1220 1005 1251 comunanca
1059 1210 1140 1242 dum
1163 1211 1316 1243 nobilem
1340 1211 1482 1243 militem
1507 1212 1689 1243 Nicolaum
1722 1202 1765 1243 de
1795 1211 1960 1243 Carraria

105 1269 141 1295 et
164 1263 314 1305 fratagle
339 1270 373 1295 et
398 1275 460 1305 per
482 1264 494 1295 i
518 1263 648 1306 signori
673 1263 732 1295 del
755 1263 913 1306 consiglo
946 1263 1005 1295 del
1059 1263 1103 1296 de
1120 1274 1189 1296 uno
1206 1265 1381 1297 castellari
1398 1275 1476 1297 cum
1492 1265 1563 1296 suis
1580 1264 1808 1306 pertinenciis
1823 1265 1859 1296 in
1877 1264 1959 1296 villa

106 1326 230 1348 comun
267 1318 311 1348 de
347 1316 443 1348 I'ava
478 1317 523 1348 ad
557 1316 720 1348 investire
752 1317 785 1348 el
820 1317 1005 1359 magnifico
1059 1317 1267 1350 Cervaresii.

105 1369 307 1402 chavaliero
338 1379 452 1402 meser
476 1369 603 1402 Nicolo
634 1370 680 1401 da
704 1370 853 1401 Carrara
883 1368 927 1401 de
960 1380 1006 1400 un

106 1421 290 1455 castellaro
315 1432 381 1455 con
404 1432 474 1454 una
499 1429 593 1454 torre
618 1423 663 1454 de
694 1422 770 1464 pria
798 1422 832 1453 in
860 1422 892 1453 la
922 1422 1007 1454 villa

105 1474 150 1507 de
172 1475 379 1514 Cewarese,
403 1486 468 1518 per
489 1476 524 1508 lo
548 1476 627 1518 qual
652 1475 836 1507 castellaro
854 1475 922 1507 ello
946 1485 1006 1507 era

105 1527 269 1569 obligado
307 1539 417 1572 pagar
457 1529 630 1572 ogn’anno
663 1528 753 1561 soldi
793 1529 919 1571 cinque
951 1529 1006 1561 de’

105 1581 216 1623 grossi
240 1581 274 1614 ai
297 1582 463 1614 canevari
487 1582 545 1614 del
569 1582 656 1614 ditto
681 1592 806 1613 comun
830 1581 874 1613 de
899 1580 1006 1619 Pava,

106 1634 143 1666 di
167 1634 262 1677 quali
285 1635 398 1667 dinari
421 1646 458 1667 se
482 1635 596 1667 dovea
620 1645 783 1677 comprar
809 1646 856 1666 un
888 1645 1007 1676 spara-

105 1688 211 1727 viero,
236 1690 302 1720 che
326 1689 440 1721 dovea
464 1698 559 1720 esser
582 1688 737 1720 mettudo
766 1688 798 1719 al
823 1697 924 1719 corso
948 1688 1004 1720 del

105 1741 198 1783 palio
221 1741 279 1774 del
304 1752 430 1774 comun
461 1741 505 1772 de
529 1740 634 1778 Pava,
658 1751 759 1773 como
777 1741 896 1783 quide
913 1748 1005 1774 sotto

105 1807 144 1828 se
167 1795 318 1828 contien.

198 1917 357 1942 Millesimo
377 1917 579 1941 trecentesimo
605 1917 746 1948 vigesimo
774 1918 887 1948 quarto,
915 1917 1063 1941 indicione
1090 1918 1220 1949 septima,
1246 1918 1293 1942 die
1319 1918 1422 1942 ultimo
1449 1918 1555 1942 mensis
1583 1919 1695 1950 aprilis,
1716 1919 1821 1949 Paduc,
1851 1920 1879 1942 ii
1899 1920 1958 1944 sala

109 1962 229 1987 maioris
249 1962 369 1986 consilii
393 1962 533 1993 civitatis,
561 1962 742 1993 presentibus
762 1961 873 1993 Jacobo
901 1963 1027 1991 notario,
1053 1961 1114 1986 filio
1140 1961 1250 1986 domini
1272 1962 1403 1986 Paduani
1424 1963 1458 1986 de
1477 1962 1626 1993 Consilve,
1647 1963 1680 1987 de
1705 1965 1837 1988 contrata
1857 1964 1960 1988 Sancte

110 2006 220 2036 Crucis,
235 2007 343 2039 Jacobo
364 2006 521 2030 cartolario
541 2007 683 2038 quondam
699 2007 808 2038 Jacobi,
828 2006 861 2030 de
881 2008 1015 2030 contrata
1034 2005 1174 2037 Ruthcne,
1194 2006 1316 2039 Saglino
1336 2007 1482 2038 quondam
1497 2007 1608 2031 domini
1629 2008 1819 2040 Bellengheri‚
1839 2009 1873 2032 de
1893 2017 1959 2032 con-

109 2053 185 2076 trata
203 2051 301 2076 Sancti
322 2051 404 2085 (pilii,
424 2051 578 2075 Anthonio
600 2052 725 2080 notario,
740 2051 801 2075 filib
817 2052 948 2083 magistri
967 2050 1104 2085 Guicardi
1125 2050 1327 2083 negociatoris,
1341 2052 1374 2076 de
1388 2053 1521 2076 contrata
1541 2052 1642 2076 Sancte
1663 2052 1820 2084 Margaritc
1840 2055 1867 2077 et
1881 2054 1958 2077 aliis.

110 2097 228 2122 Nobilis
242 2098 270 2121 et
284 2098 386 2128 potens
406 2096 488 2120 miles
509 2096 642 2120 dominus
662 2096 826 2120 Altinerius
841 2096 874 2120 de
888 2096 1038 2130 Aconibus
1053 2097 1086 2120 de
1100 2096 1245 2127 Tarvisio,
1260 2097 1354 2121 Padue
1368 2097 1550 2121 honorabilis
1571 2099 1710 2129 potestas,
1726 2106 1780 2122 una
1795 2105 1857 2122 cum
1874 2100 1960 2123 dictis

110 2142 237 2166 dominis
257 2142 388 2166 ancianis
407 2141 595 2166 comunancie
614 2143 642 2166 et
662 2141 788 2165 frataliis
810 2141 912 2173 populi
932 2141 1056 2173 paduani
1085 2142 1261 2165 unanimiter
1281 2144 1307 2166 et
1330 2142 1514 2166 concorditer
1536 2142 1671 2172 fecerunt,
1691 2144 1907 2167 constituerunt
1931 2145 1959 2167 et

114 2186 322 2211 ordinaverunt
341 2184 502 2210 Antonium
524 2187 669 2210 notarium
689 2186 883 2210 Salvaterram
903 2194 929 2218 q.
950 2186 1159 2217 Bartholomei,
1178 2188 1338 2219 presentem
1354 2188 1380 2210 ct
1394 2189 1496 2218 sponte
1519 2188 1730 2220 suscipientem,
1745 2195 1825 2212 suum
1846 2190 1873 2212 et
1887 2188 1960 2213 dicti

109 2232 240 2256 comunis
255 2233 363 2255 certum
376 2231 513 2255 nuncium
526 2233 554 2255 et
568 2231 721 2263 syndicum
736 2231 902 2264 specialiter
915 2231 951 2254 ad
965 2231 1178 2255 investiendum
1195 2231 1321 2256 nobilem
1338 2231 1460 2255 militem
1475 2231 1625 2256 dominum
1639 2233 1791 2256 Nicolaum
1808 2233 1841 2256 de
1856 2231 1957 2257 Carra-

111 2277 154 2300 ria
172 2278 199 2300 εἴ
213 2283 279 2300 suos
294 2276 410 2299 heredes
430 2276 463 2300 de
477 2283 534 2300 uno
549 2276 714 2300 castellario
729 2283 791 2299 cum
806 2276 993 2307 pertinenciis
1007 2277 1035 2299 et
1050 2276 1226 2300 coherentiis
1246 2277 1313 2305 suis,
1328 2284 1389 2300 curn
1405 2283 1462 2300 una
1481 2276 1603 2300 turricle
1616 2284 1706 2307 muro,
1722 2278 1821 2308 posito
1843 2279 1872 2300 in
1888 2277 1959 2301 villa

112 2320 274 2346 Cervaresii
294 2321 414 2344 duorum
430 2328 592 2352 camporum
613 2328 673 2345 cum
694 2321 816 2344 dimidio
831 2321 875 2344 vel
891 2321 975 2349 circa,
990 2320 1035 2344 cui
1050 2321 1213 2345 castellario
1226 2328 1291 2344 cum
1305 2323 1377 2345 turri
1400 2321 1512 2345 colieret
1533 2329 1546 2345 a
1567 2321 1676 2345 duobus
1697 2322 1828 2353 partibus
1848 2322 1958 2346 flumem

113 2366 290 2394 Bacchionis,
311 2366 346 2389 ab
365 2365 422 2389 alia
443 2368 523 2397 parte
541 2366 603 2399 jura
617 2366 787 2390 monasterii
805 2366 832 2389 S.
853 2365 958 2390 Cicilie
977 2366 1010 2389 de
1031 2366 1126 2389 Padua
1139 2367 1166 2390 et
1187 2366 1220 2389 ab
1241 2366 1298 2389 alia
1318 2365 1453 2389 dominus
1468 2366 1614 2397 Johannes
1634 2365 1781 2397 Tropinus
1802 2367 1930 2391 notarius
1945 2375 1959 2391 a

114 2409 238 2438 Coredo,
256 2411 285 2434 et
306 2410 378 2434 sorte
398 2410 455 2434 alie
469 2412 535 2434 sunt
549 2411 725 2439 coherencie,
739 2411 800 2443 jure
815 2410 909 2434 livelli
929 2410 1104 2443 perpetuans
1125 2411 1159 2434 ad
1174 2411 1370 2434 renovandum
1384 2410 1413 2434 in
1429 2412 1521 2441 capite
1535 2411 1716 2442 singulorum
1732 2411 1842 2442 viginti
1857 2419 1959 2435 novem

113 2461 265 2484 annorum,
286 2455 325 2478 ita
345 2455 421 2485 quod
442 2454 503 2486 ipse
523 2455 655 2479 dominus
676 2455 815 2479 Nicolaus
835 2456 967 2479 teneatur
987 2455 1138 2478 meliorare
1158 2457 1185 2479 et
1206 2462 1263 2478 non
1284 2454 1457 2478 deteriorare
1477 2456 1503 2478 et
1524 2462 1636 2478 omnem
1656 2462 1735 2479 suam
1757 2456 1912 2479 utilitatem
1933 2457 1959 2480 et

113 2499 296 2524 voluntatem
318 2500 409 2523 facere
429 2499 463 2524 de
483 2500 561 2524 dicto
581 2500 745 2524 castellario
760 2508 822 2524 cum
838 2501 921 2528 turri,
941 2501 969 2524 et
982 2500 1016 2524 ad
1030 2501 1227 2532 recipiendum
1243 2500 1465 2532 promissionem
1480 2508 1493 2523 a
1508 2500 1586 2524 dicto
1603 2501 1718 2524 domino
1734 2500 1867 2532 Nicolao,
1882 2501 1958 2532 quod

111 2545 191 2569 omni
212 2552 287 2568 anno
307 2546 443 2576 tempore,
463 2551 518 2575 quo
538 2545 662 2568 curritur
681 2546 715 2568 ad
735 2545 875 2574 bravium,
895 2544 990 2569 solvet
1010 2545 1126 2569 comuni
1146 2545 1242 2569 Padue
1262 2551 1310 2568 seu
1336 2545 1494 2576 canipariis
1514 2546 1646 2568 comunis
1666 2546 1760 2569 I’adue
1780 2552 1865 2569 unam
1888 2547 1958 2569 acci-

114 2590 217 2621 pitrem
238 2589 346 2612 valoris
367 2588 513 2612 soldorum
533 2590 658 2620 quinque
677 2597 851 2621 grossorum,
872 2597 924 2620 que
945 2590 1083 2621 accipiter
1103 2590 1172 2621 poni
1193 2590 1293 2613 debeat
1312 2597 1373 2613 cum
1395 2590 1474 2613 dicto
1489 2590 1590 2613 bravio
1611 2590 1644 2613 ad
1665 2590 1773 2614 dictum
1791 2597 1912 2621 cursum,
1933 2592 1960 2614 et

115 2634 288 2666 generaliter
307 2634 343 2657 ad
364 2635 462 2657 onmia
476 2635 503 2658 et
517 2634 630 2666 singula
651 2633 791 2665 facienda,
807 2642 860 2666 que
872 2635 903 2659 in
918 2634 1057 2666 predictis
1073 2636 1100 2658 et
1114 2636 1188 2658 circa
1203 2634 1330 2667 predicta
1348 2634 1455 2658 suerlnt
1470 2635 1627 2658 necessaria
1640 2636 1667 2658 et
1680 2636 1852 2668 opportuna,
1868 2638 1895 2658 et
1908 2642 1960 2667 que

112 2678 220 2702 dictum
241 2685 360 2702 comune
380 2680 407 2702 et
428 2678 560 2702 homines
581 2679 672 2702 facere
691 2681 818 2711 possent.
856 2679 1062 2703 Promittentes
1088 2679 1156 2703 mihi
1185 2679 1298 2703 notario
1320 2678 1509 2710 infrascripto
1530 2686 1557 2703 se
1577 2679 1694 2707 firmum,
1716 2682 1814 2710 ratum,
1845 2681 1958 2711 gratum

114 2723 265 2747 habituros
284 2723 481 2754 quodcumque
502 2723 594 2747 dictus
613 2724 746 2755 syndicus
761 2725 835 2748 circa
850 2724 979 2756 predicta
995 2723 1039 2748 vel
1053 2724 1169 2755 aliquod
1191 2723 1384 2756 predictorum
1406 2723 1519 2747 duxerit
1534 2724 1694 2748 faciendum
1709 2724 1758 2748 sub
1779 2724 1960 2756 obligatione

115 2768 242 2792 omnium
261 2768 403 2792 bonorum
424 2767 495 2795 disti
516 2768 646 2792 comunis
666 2769 769 2793 Padue.

204 2812 233 2836 S.
252 2813 290 2837 JV.
308 2812 368 2844 Ego
388 2811 536 2844 Pasqualis
557 2819 582 2843 q.
602 2812 714 2837 domini
732 2813 850 2838 Henrici
870 2813 998 2845 Coperii,
1020 2815 1067 2845 qui
1089 2814 1187 2837 habito
1208 2812 1301 2836 Paduc
1316 2812 1345 2836 in
1363 2813 1506 2844 quarterio
1521 2813 1622 2837 Pontis
1637 2813 1775 2843 Altinati,
1795 2814 1959 2837 centenario

113 2855 140 2880 S.
164 2856 276 2880 Andree
295 2858 323 2881 et
343 2858 475 2881 contrata
498 2857 602 2886 Braitli,
629 2858 702 2881 sacri
724 2857 827 2889 palatii
853 2859 994 2888 notarius,
1014 2859 1140 2882 existens
1160 2859 1189 2881 in
1209 2857 1302 2881 officio
1322 2858 1453 2881 comunis
1472 2857 1566 2881 Padue
1585 2858 1619 2881 ad
1641 2858 1747 2881 dictum
1769 2858 1886 2887 discum,
1905 2865 1958 2890 pro

114 2901 229 2924 notario
254 2901 420 2933 specialiter
446 2901 552 2925 electus
579 2901 614 2925 ad
641 2901 852 2926 reformandum
878 2903 908 2927 in
935 2903 1037 2927 maiori
1064 2900 1186 2926 consilio
1212 2902 1343 2926 civitatis
1368 2902 1471 2931 Padue,
1497 2903 1690 2935 suprascripta
1717 2902 1818 2933 scripsi
1840 2904 1957 2934 rogatus

116 2945 191 2969 bona
210 2945 272 2969 fide.
