2290 3449
30 846 68 877 10

26 1109 63 1142 15

21 1377 63 1408 20

15 1642 57 1674 25

16 1977 58 2008 30

17 2240 58 2274 35

17 2509 59 2540 40

452 179 622 216 GESTA
651 180 956 215 MAGNIFICA
987 179 1172 215 DOMUS
1201 178 1595 215 CARRARIENSIS

276 312 408 345 XXVI.
433 331 474 336 —
498 312 665 345 Dominus
688 313 824 345 M'colb.

190 419 242 450 96.
267 419 346 460 [94].
377 437 412 442 —-
436 419 596 452 Succede
621 420 700 452 fiolo
717 431 737 451 a
754 429 867 452 meser
883 419 998 451 Uber-

99 473 147 504 tin
164 471 209 503 da
226 471 374 504 Carrara
389 473 408 503 ¹.
456 473 591 511 Questo
608 483 720 504 meser
742 472 866 504 Nicolb
882 472 919 503 in
939 482 998 504 soa

101 525 298 566 coventude
322 525 359 556 fo
384 526 427 557 de
450 532 544 558 tanto
560 537 695 564 anemo,
713 536 813 558 como
837 526 880 557 de
897 535 999 557 sovra

100 578 117 609 ὲ
139 579 281 619 scripto,
305 579 384 616 che,
408 589 477 610 non
501 580 707 621 guardando
728 579 772 610 de
795 584 942 611 mettere
967 579 998 609 la

98 637 192 663 terra
216 642 236 661 a
259 630 406 672 sbaraio‚
430 631 505 663 solo
531 642 594 673 per
609 642 670 663 soa
685 642 769 674 gran
787 630 943 675 gaiardia
960 631 997 661 fo

99 684 164 715 che
188 683 330 715 indusse
353 695 464 716 meser
487 685 625 726 Oppico
648 684 829 726 Papafava
853 684 898 715 da
914 684 997 716 Car-

97 748 175 769 rara
193 748 212 769 a
229 735 304 779 piar
321 737 352 769 le
370 748 464 770 arme
482 744 603 769 contra
626 737 637 768 i
660 737 800 770 Ronchi
822 743 855 768 et
878 737 888 767 i
907 735 996 767 Alti-

99 790 192 822 clini.
238 791 304 822 Nel
336 791 418 833 qual
447 800 583 822 remote
614 800 715 822 como
740 790 808 821 ello
833 800 869 821 se
894 789 994 830 porto

98 849 133 874 et
157 853 256 875 como
279 843 463 875 altamente
487 843 555 875 ello
579 843 705 874 refudo
731 843 762 874 la
792 842 947 884 proserta
976 852 994 872 a

98 896 143 927 lui
175 896 264 928 satta
295 897 338 928 de
363 897 484 928 ducati
515 896 706 934 desemilia,
731 895 748 926 ὲ
780 896 912 937 scripto
937 896 993 926 nei

96 950 184 991 gesti
209 950 266 981 del
291 949 376 981 ditto
400 959 514 982 meser
536 949 672 991 Oppioo
697 949 742 980 da
765 948 922 981 Carrara.

175 1922 228 1957 97.
259 1921 340 1963 [95].
371 1939 415 1944 —
444 1922 563 1954 Trovo
597 1921 751 1954 etiandio
787 1922 831 1954 de
863 1928 986 1965 questo

84 1985 198 2007 meser
234 1975 359 2007 Nicolo
392 1975 470 2014 che,
505 1975 626 2007 siando
657 1975 812 2006 anchora
845 1986 989 2016 covene,

85 2039 225 2070 apresso
243 2028 276 2060 el
300 2038 426 2060 comun
450 2029 494 2060 de
519 2028 614 2060 Pava
637 2028 705 2060 ello
729 2028 766 2060 fo
791 2028 918 2060 extima
943 2028 987 2061 de

85 2087 181 2113 tanta
211 2082 435 2119 auttoritade,
466 2081 531 2113 che
565 2081 611 2113 lui
634 2081 708 2114 solo
734 2083 770 2113 fo
793 2082 900 2114 eletto
924 2092 988 2124 per

85 2134 120 2166 10
152 2135 211 2176 piu
240 2135 402 2167 notabele
427 2135 540 2171 homo,
565 2135 631 2167 che
655 2135 747 2167 fosse
771 2135 816 2167 da
839 2136 988 2167 mandat

86 2187 118 2219 al
142 2187 371 2229 parlamento‚
390 2188 454 2220 che
472 2188 574 2230 nanci
591 2187 622 2219 la
643 2188 824 2229 presencia
842 2188 886 2220 de
902 2188 988 2220 l'im-

86 2240 258 2283 peradore
281 2251 317 2272 se
341 2240 454 2273 dovea
477 2241 658 2273 celebrare
682 2241 717 2272 in
741 2240 897 2283 Bolcano
923 2253 987 2284 per

85 2294 142 2325 far
158 2293 310 2326 l’acordo
327 2293 419 2325 della
434 2304 562 2336 guerra
577 2300 630 2327 tra
643 2305 754 2326 meser
766 2294 841 2326 Can
853 2294 986 2337 grande

85 2348 131 2379 da
154 2358 221 2378 una
244 2352 343 2388 parte
368 2358 386 2378 e
412 2346 434 2378 'l
458 2357 582 2379 comun
607 2348 651 2379 de
676 2348 772 2380 Pava
796 2348 840 2379 da
865 2348 986 2380 l’altra.

86 2401 163 2433 Con
185 2400 218 2432 lo
243 2400 325 2443 qual
349 2410 462 2431 meser
486 2400 611 2433 Nicolo
636 2412 699 2442 per
723 2401 783 2442 piu
799 2412 837 2432 so
854 2401 985 2434 honore

86 2455 124 2486 fo
168 2452 330 2485 mandadi
358 2453 523 2485 Rolando
565 2454 610 2486 da
649 2454 801 2496 Piacola,
845 2455 985 2496 cudese,

85 2507 229 2551 Cuanne
253 2507 298 2538 de
321 2506 454 2548 Campo
478 2505 547 2538 San
573 2507 674 2539 Piero
706 2514 740 2540 et
764 2506 918 2540 Aleardo
950 2509 986 2539 di

1080 311 1212 344 XXVI.
1237 330 1280 335 —
1300 311 1466 344 Dominus
1489 313 1653 345 Nz'colaas
1676 314 1717 345 de
1742 314 1922 346 Carraria.

1142 416 1193 448 96.
1219 415 1296 456 [94].
1322 434 1362 438 ——
1388 417 1493 448 Filius
1518 418 1658 449 domino
1682 418 1856 451 Ubertino
1875 430 1953 451 suc-

1052 470 1167 501 cessit.
1184 469 1424 500 Successionis
1437 470 1533 501 cuius
1548 476 1681 512 tempus
1695 473 1841 509 tradam,
1857 473 1951 515 quod

1050 522 1085 553 in
1101 522 1318 553 documentis
1330 522 1466 563 reperio
1484 523 1694 555 facientibus
1708 525 1750 556 de
1765 525 1841 566 ipso
1854 536 1950 557 men-

1050 575 1192 613 tionem,
1209 585 1298 606 anno
1314 575 1453 607 Domini
1467 575 1604 607 scilicet
1617 576 1797 608 millesimo
1812 584 1950 610 trecen-

1050 627 1172 658 tesimo
1196 628 1363 670 vigesimo
1391 628 1433 659 ab
1458 628 1667 670 imperatore
1684 631 1866 662 Friderico
1883 631 1950 663 sin-

1049 680 1159 721 gulari
1192 681 1310 718 fuisse,
1338 688 1375 712 ut
1398 681 1545 712 inferius
1575 681 1734 717 scribam,
1766 684 1949 726 privilegio

1049 733 1218 771 dotatum,
1248 733 1333 765 licet
1366 735 1434 777 jam
1466 740 1620 767 maturus
1650 737 1757 768 multo
1790 744 1880 774 ante,
1912 744 1950 769 ut

1048 786 1214 827 scriptum
1239 792 1302 824 est,
1327 796 1404 818 cum
1430 787 1622 820 Altieliniis
1646 794 1679 820 et
1696 789 1855 821 Ronchis
1879 801 1950 822 ma-

1048 849 1110 870 nus
1127 840 1368 871 conseruisset.
1409 840 1473 872 Vir
1489 841 1553 872 iste
1570 842 1637 873 fuit
1655 843 1892 885 magnanimus
1915 849 1949 875 et

1048 892 1208 929 liberalis,
1230 893 1314 924 nulli
1338 893 1490 934 priorum
1516 899 1649 926 vetuste
1675 895 1948 927 Carrariensium

1048 945 1251 988 propaginis
1261 946 1365 977 animi
1377 947 1541 979 virilitate
1555 948 1737 988 secunduS‚
1756 948 1947 981 factionum

1044 999 1237 1040 ingentium
1276 999 1471 1042 intrepidus
1510 1010 1707 1044 aggressor,
1746 1002 1948 1034 iniuriarum

1046 1051 1185 1092 penitus
1201 1052 1397 1094 impatiens,
1414 1053 1603 1085 amicorum
1624 1054 1761 1086 scilicet
1777 1055 1947 1088 nobilium

1046 1110 1079 1136 et
1110 1110 1288 1146 potentum
1325 1107 1498 1138 consortio
1534 1107 1740 1146 delectatus,
1775 1108 1810 1140 in
1843 1109 1948 1140 armis

1045 1163 1214 1195 strenuus,
1231 1159 1417 1191 acerrimus
1440 1160 1552 1201 patrie
1578 1160 1742 1192 defensor
1767 1167 1801 1193 et
1824 1172 1949 1194 occur—-

1043 1210 1201 1243 rentibus
1213 1212 1249 1243 in
1263 1211 1378 1244 dubiis
1394 1213 1548 1254 prudens
1558 1219 1592 1244 et
1603 1219 1745 1251 astutus,
1760 1214 1853 1256 quod
1866 1221 1946 1247 actu

1045 1264 1296 1305 comprobavit.
1337 1265 1425 1297 Nam
1449 1266 1483 1297 in
1499 1266 1645 1308 juvenili
1661 1272 1753 1298 etate
1770 1273 1864 1299 tante
1881 1269 1948 1300 fuit

1046 1317 1220 1350 virilitatis
1235 1318 1350 1359 animi,
1368 1319 1462 1360 quod
1479 1319 1656 1351 dominum
1668 1320 1888 1362 Oppiconem
1902 1322 1947 1353 ad

1045 1370 1260 1412 capessenda
1291 1382 1386 1403 arma
1418 1378 1540 1404 contra
1571 1372 1761 1405 Altielinos
1792 1379 1826 1405 et
1846 1374 1947 1406 Run-

1044 1424 1128 1455 chos
1158 1425 1251 1456 solus
1275 1425 1423 1462 induxit,
1449 1426 1545 1467 quod
1568 1426 1825 1467 rempublicam
1849 1428 1946 1471 quasi

1044 1477 1203 1508 venalem
1221 1478 1476 1510 meretriculam
1490 1489 1553 1520 pro
1568 1478 1667 1511 libito
1683 1480 1942 1512 adulterabant:

1043 1537 1277 1574 quantumque
1302 1542 1343 1563 eo
1363 1531 1399 1563 in
1416 1532 1535 1563 furore
1554 1532 1665 1564 laudis
1681 1538 1717 1564 et
1732 1533 1843 1575 glorie
1862 1534 1946 1566 Car-

1043 1584 1245 1615 rariensium
1269 1584 1452 1626 propagini
1468 1590 1582 1626 potest
1597 1585 1737 1623 ascribi,
1753 1591 1864 1618 totum
1888 1598 1946 1619 au-

1045 1637 1146 1669 dacie
1164 1644 1198 1668 et
1214 1637 1333 1669 virtuti
1350 1637 1496 1670 debetur
1512 1638 1618 1679 ipsius
1636 1638 1767 1670 domini
1791 1639 1945 1679 Nicolai‚

1042 1690 1100 1732 qui
1114 1690 1236 1730 eciam,
1254 1696 1290 1722 ut
1307 1691 1438 1722 dictum
1464 1697 1527 1728 est,
1552 1696 1597 1721 Χῐῃ
1618 1692 1823 1723 ducatorum
1848 1703 1946 1735 spre-

1042 1743 1091 1774 vit
1108 1742 1330 1781 oblationem,
1348 1754 1390 1775 ne
1407 1744 1558 1776 vindicte
1577 1744 1716 1777 deesset
1731 1745 1944 1786 iniuriarum,

1043 1802 1079 1828 ut
1097 1796 1132 1829 in
1147 1796 1253 1839 gestis
1269 1796 1399 1828 domini
1412 1797 1605 1839 Oppiconis
1617 1798 1721 1839 plene
1736 1799 1942 1833 continetur.

1130 1920 1182 1955 97.
1207 1919 1285 1961 [95].
1310 1938 1354 1942 —
1376 1919 1443 1951 Hic
1469 1919 1627 1951 dominus
1651 1920 1818 1952 Nicolaus
1841 1922 1944 1954 etiam

1040 1975 1179 2019 juvenis
1203 1974 1296 2015 apud
1314 1973 1499 2005 Paduanos
1521 1978 1616 2005 tante
1636 1973 1701 2004 fuit
1719 1975 1945 2013 auctoritatis,

1041 2034 1077 2060 ut
1100 2027 1193 2060 solus
1217 2027 1311 2058 visus
1334 2026 1385 2062 sit,
1410 2025 1470 2067 qui
1496 2026 1620 2068 dignus
1644 2036 1706 2067 pro
1725 2027 1863 2059 comuni
1879 2027 1946 2059 Pa-

1041 2082 1108 2113 due
1132 2081 1327 2113 mitteretur
1351 2079 1395 2110 ad
1418 2079 1684 2121 parlamentum,
1708 2080 1802 2122 quod
1826 2091 1945 2113 coram

1040 2133 1265 2176 imperatoria
1304 2133 1480 2164 maiestate
1523 2132 1675 2164 debebat
1714 2133 1749 2164 in
1788 2134 1943 2176 Bolcano

1042 2187 1212 2219 celebrari
1245 2196 1308 2228 pro
1342 2185 1534 2217 concordio
1558 2185 1817 2227 interponendo
1848 2188 1940 2220 inter

1042 2240 1220 2273 dominum
1255 2239 1387 2271 Canem
1419 2244 1515 2280 parte
1548 2249 1591 2270 ex
1622 2249 1689 2270 una
1721 2245 1756 2270 et
1793 2250 1941 2273 comune

1041 2293 1160 2326 Padue
1186 2299 1281 2334 parte
1307 2303 1351 2324 ex
1374 2292 1495 2329 altera,
1520 2302 1597 2323 cum
1622 2301 1689 2334 quo
1714 2302 1777 2334 pro
1802 2293 1943 2326 maioris

1039 2347 1148 2389 ipsius
1173 2346 1306 2378 honore
1331 2345 1465 2386 [Cetera
1496 2346 1565 2384 (cc.
1598 2344 1735 2385 97-107)
1758 2351 1944 2388 sequuntur

1038 2404 1146 2443 prout
1168 2401 1204 2431 in
1226 2398 1259 2430 A
1281 2399 1351 2439 (cc.
1376 2397 1511 2439 95-104)
1538 2398 1647 2429 variis
1670 2398 1864 2431 lectionibus
1879 2400 1944 2432 ibi-

1041 2454 1116 2485 dem
1146 2452 1322 2491 exaratis}

88 2559 217 2597 Basilii,
230 2559 365 2592 benche
389 2558 410 2589 ’l
434 2560 650 2601 parlamento
675 2570 743 2593 non
769 2561 915 2593 havesse
941 2561 1065 2593 effetto
1088 2571 1150 2602 per
1175 2560 1262 2592 altre
1288 2560 1345 2601 piu
1371 2560 1489 2601 grieve
1516 2569 1608 2597 cose,
1634 2560 1699 2591 che
1724 2570 1869 2593 occorse
1895 2562 1944 2593 al-

86 2613 343 2657 l’imperadore.

176 2757 183 2774 ¹
203 2758 409 2791 Nicolo‚figli0
424 2758 608 2790 dQUbertino
623 2759 650 2783 di
666 2760 830 2789 Bonifacio,
844 2759 890 2784 del
905 2766 985 2784 ramo

85 2801 276 2831 carrarese,fu
287 2808 345 2825 uno
356 2801 399 2825 dei
415 2800 463 2832 piu
480 2801 584 2825 fervidi
601 2801 812 2826 collaborator-i
825 2802 853 2826 di
869 2802 986 2831 Obizzo‚

86 2843 167 2875 figlio
186 2843 216 2867 dl
236 2843 377 2872 Marsilio,
396 2843 442 2867 del
463 2851 542 2867 ramo
563 2844 607 2867 dei
628 2843 784 2876 Papassava,
811 2846 855 2868 nei
881 2846 985 2876 tragici

87 2888 154 2910 anni
176 2886 251 2910 della
270 2893 371 2918 guerra
383 2886 683 2918 scaligero-carrarese.
705 2888 792 2919 Dopo
806 2887 827 2911 il
841 2889 987 2912 tramonto

87 2927 163 2951 della
183 2927 246 2951 loro
269 2927 388 2951 fortuna
408 2928 529 2958 politica
556 2935 570 2952 e
595 2928 722 2952 militare
746 2936 795 2960 per
820 2928 987 2954 l’avvenuto

87 2969 208 2996 accordo
228 2971 272 2994 tra
292 2968 410 2997 Masllio
428 2977 442 2993 e
461 2970 502 3006 gli
522 2969 670 3002 Scaligeri,
690 2978 704 2994 e
723 2971 798 3004 dopo
814 2971 841 2995 la
856 2972 945 2995 morte
958 2972 987 2997 di

389 2613 434 2646 Et
464 2613 502 2645 fo
535 2614 568 2645 le
600 2615 753 2656 preditte
787 2625 868 2648 cose
901 2616 959 2648 del
983 2625 1077 2647 mese
1103 2615 1146 2646 de
1170 2623 1297 2654 marco.
1339 2613 1471 2646 Siando
1494 2613 1553 2655 poi
1578 2615 1766 2646 retornado
1791 2615 1824 2647 el
1850 2616 1939 2649 ditto

1040 2758 1149 2783 Obizzo
1168 2761 1192 2782 si
1213 2761 1330 2783 ritrasse
1350 2766 1364 2782 a
1387 2758 1447 2782 vita
1468 2759 1589 2789 privata,
1615 2758 1765 2782 lanciando
1792 2759 1819 2783 al
1844 2760 1941 2791 tempo

1039 2809 1054 2826 e
1074 2801 1131 2833 agli
1151 2801 1235 2832 credi,
1257 2801 1398 2825 Giaeomo
1418 2809 1431 2824 c
1452 2800 1634 2830 Giacomlno,
1655 2801 1682 2824 la
1704 2802 1824 2825 ventura
1845 2802 1873 2825 di
1901 2803 1940 2826 ri-

1043 2843 1193 2868 vendicare
1213 2844 1238 2867 le
1259 2844 1432 2875 aspirasioni
1457 2843 1482 2866 ’ἰ
1496 2850 1626 2867 successo
1646 2844 1729 2866 tanto
1750 2843 1940 2875 vagheggiate

1041 2894 1054 2910 e
1074 2885 1130 2909 mai
1149 2888 1295 2909 coronate.
1334 2884 1406 2909 Mori
1429 2885 1474 2908 nel
1499 2891 1573 2916 1344,
1595 2885 1653 2908 alla
1674 2885 1779 2916 vigilia
1793 2885 1838 2909 del
1854 2886 1940 2918 colpo

1041 2928 1175 2952 dimano
1196 2927 1239 2951 dei
1267 2927 1336 2958 figli,
1364 2929 1492 2951 traverso
1520 2927 1541 2950 ll
1566 2927 1650 2958 quale
1676 2927 1939 2959 s’impadronirono

1042 2971 1086 2996 del
1107 2979 1235 3005 governo
1255 2971 1330 2996 della
1350 2970 1421 2996 cittta
1442 2970 1582 3003 (CEOLno,
1596 2971 1697 2995 Albero
1711 2972 1771 3001 cit„
1788 2979 1814 3005 p.
1828 2977 1862 3003 50
1876 2972 1940 3006 sg.).

1971 2892 2002 2909 10
