2290 3449
481 197 652 233 GESTA
681 195 988 233 MAGNIFICA
1017 195 1207 231 DOMUS
1236 193 1628 230 CARRARIENSIS
1901 194 1976 228 253

131 340 191 361 era
214 329 395 361 adomado
419 329 480 371 piu
505 329 572 361 cha
603 329 704 360 nisun
737 328 836 366 altro,
869 328 935 360 che
967 328 1036 359 ello
1067 335 1259 359 commosse
1290 325 1433 358 l’animo
1465 325 1522 357 del
1547 326 1633 358 ditto
1658 327 1742 358 duse
1767 337 1786 357 a
1818 324 1910 367 pieta
1935 325 1979 356 de

130 382 341 414 l’assediada
365 382 471 413 Pava.
518 383 564 414 Et
587 382 614 414 si
639 382 722 424 euro
747 392 766 413 a
788 392 902 413 meser
924 380 1081 412 Marsilio
1106 386 1140 412 et
1163 379 1318 411 etiandio
1349 379 1382 410 ie
1415 378 1571 410 l'afermo
1595 390 1659 421 per
1687 389 1746 411 soe
1770 380 1891 416 letere,
1915 379 1980 409 che

131 434 199 466 3113
222 435 315 466 festa
337 434 381 465 de
407 435 477 466 San
501 435 605 478 Corei
630 434 788 476 proximo
814 434 882 465 ello
908 443 974 465 con
999 433 1032 464 13
1054 443 1114 464 503
1137 442 1287 474 persona
1311 431 1534 473 sovignirave
1558 432 1627 463 alla
1652 432 1767 464 citade
1791 432 1982 463 sovraditta

131 493 164 519 et
188 488 222 518 ai
247 487 391 519 citadini
415 488 609 520 assediadi:
635 488 667 518 13
691 487 771 529 qual
796 497 877 518 cosa
900 486 1009 518 allora
1033 486 1103 517 ello
1136 495 1181 516 no
1214 495 1338 527 possea
1369 485 1436 521 far,
1465 485 1594 526 perche
1619 486 1653 516 10
1678 497 1737 517 era
1762 486 1793 516 al
1819 495 1925 516 verno
1951 485 1983 515 el

88 540 104 571 5
130 546 245 581 tempo
270 550 314 571 no
340 546 420 581 apto
446 552 465 571 a
490 539 687 577 cavalehar,
710 539 943 581 coneosiache
969 539 990 569 ’l
1015 549 1073 570 era
1097 538 1130 569 el
1154 548 1248 570 mese
1273 538 1316 569 de
1343 538 1541 574 decembre,
1567 538 1704 569 benche
1722 538 1782 580 poi
1807 539 1839 570 al
1861 545 1981 579 tempo

131 602 310 634 promesso
336 592 368 624 la
391 593 550 634 proserta
573 593 630 625 del
654 593 742 624 ditto
767 593 852 624 duse
875 602 920 623 no
944 592 1090 623 havesse
1113 591 1248 622 effetto.
1296 591 1340 622 Et
1359 591 1395 622 fo
1421 590 1452 621 le
1478 590 1630 632 preditte
1654 601 1732 622 cose
1757 592 1792 622 in
1818 591 1983 623 milletre-

132 651 231 678 sento
255 645 452 688 vintisepte‚
477 657 496 678 3
520 646 555 678 (11
580 645 750 689 quindese
776 647 820 678 de
845 645 1043 677 decembre.

227 743 299 775 110.
324 744 425 785 [110].
450 762 493 766 -
514 743 553 774 In
579 749 701 786 questo
724 753 823 784 31890
847 753 958 774 meser
982 741 1136 773 Marsilio
1161 742 1307 784 grande,
1332 742 1492 783 veeando
1509 747 1543 773 et
1567 741 1823 774 considerando
1849 742 1880 774 el
1897 742 1982 774 duse

132 797 177 828 de
202 797 391 829 Karinthia
415 797 525 829 haver
548 797 745 829 manchado
770 796 869 834 (13113,
887 806 946 827 503
970 805 1149 836 promessa
1173 801 1208 827 et
1232 796 1393 827 eciandio
1417 805 1480 836 per
1511 805 1620 837 prova
1645 796 1804 836 veqando
1833 795 1866 826 13
1889 801 1985 827 terra

70 850 108 881 10
134 851 215 892 ogni
239 849 274 881 di
298 850 412 893 vignir
435 861 455 881 a
478 861 579 892 peeo,
602 849 795 881 dubitando
820 849 886 889 che
911 849 1004 880 fosse
1030 850 1074 880 da
1098 849 1154 880 far
1177 848 1211 879 in
1244 849 1313 880 cosi
1345 848 1533 880 manifesto
1565 849 1737 890 perigolo,
1769 849 1841 880 cosi
1873 854 1926 880 tra
1958 849 1984 879 si

132 903 302 945 80138380
327 914 347 934 3
371 913 549 935 rasonare:
581 902 738 933 “Mesier
763 901 887 934 Nicolo
911 902 956 932 (13
981 900 1128 933 Carrara
1145 901 1238 933 8031
1256 902 1388 933 Pavani
1413 901 1457 933 de
1482 902 1593 938 fuora,
1617 902 1755 944 signore
1780 901 1871 932 (18118
1890 901 1984 938 ville,

139 958 153 972 “
168 957 211 987 de
234 956 349 998 quelle
374 956 520 998 dispone
544 967 564 987 3
588 966 647 988 503
671 955 858 987 volontade
882 960 916 985 et
933 965 1046 986 meser
1063 954 1149 992 Can,
1168 955 1276 986 fattor
1292 955 1336 986 de
1353 960 1476 997 questa
1500 964 1595 992 ovra‚
1613 960 1739 986 mostra
1755 953 1798 985 de
1817 965 1861 986 no
1885 965 1984 985 saver

139 1010 300 1050 “questo.
347 1009 386 1040 In
412 1009 443 1040 13
468 1009 582 1040 citade
607 1008 653 1040 da
677 1008 760 1051 ogni
785 1014 885 1049 parte
909 1007 943 1039 io
967 1008 1035 1039 odo
1052 1008 1085 1039 la
1102 1013 1206 1050 gente
1223 1007 1459 1049 lame[n]tare:
1485 1008 1518 1039 io
1543 1006 1678 1049 guardo
1698 1014 1730 1039 et
1744 1017 1832 1049 veeo
1849 1008 1861 1039 i
1878 1007 1986 1049 pianti

140 1059 213 1093 “de
245 1061 353 1104 quilli,
377 1062 443 1093 che
466 1061 642 1103 mendiga,
665 1067 701 1093 et
724 1061 749 1091 si
774 1070 861 1101 veeo
885 1061 896 1091 i
920 1060 1002 1092 boni
1027 1060 1185 1097 chadini,
1209 1061 1332 1092 siando
1356 1061 1413 1092 (181
1437 1066 1526 1092 tutto
1551 1060 1772 1103 baudegiada
1796 1060 1828 1091 13
1844 1061 1988 1099 13511513,

72 1114 111 1146 15
142 1116 156 1131 “
171 1125 265 1146 esser
289 1115 445 1147 cruciadi
470 1121 504 1147 et
527 1113 747 1146 tormentadi.
788 1114 894 1145 Tutto
920 1113 940 1143 ’1
966 1114 1000 1145 (11
1024 1124 1123 1145 erese
1149 1120 1183 1145 et
1200 1124 1267 1145 con
1284 1114 1344 1155 pin
1360 1114 1511 1145 licencia
1528 1124 1564 1145 se
1583 1119 1768 1146 commette
1785 1115 1796 1145 i
1813 1114 1986 1146 maleficii.

142 1170 156 1184 “
172 1168 236 1200 Ale
261 1168 362 1210 quale
387 1174 475 1200 tutte
499 1177 581 1200 cose
604 1168 638 1199 io
662 1177 732 1199 non
756 1177 858 1209 posso
884 1167 1077 1199 contrariar
1100 1178 1164 1210 per
1190 1167 1220 1198 13
1244 1177 1416 1209 ρο553383
1440 1167 1483 1198 (18
1507 1167 1625 1209 quelli,
1644 1169 1709 1199 che
1727 1169 1763 1199 fa
1787 1173 1926 1210 questo:
1953 1173 1989 1199 et

141 1223 207 1253 “se
231 1222 265 1253 io
290 1222 320 1252 ie
345 1222 479 1253 volesse
503 1232 568 1263 pur
591 1220 746 1258 obviare,
771 1221 804 1252 io
828 1232 883 1252 me
907 1222 1010 1263 vegio
1035 1227 1246 1262 sottoeasere
1271 1232 1290 1252 3
1314 1221 1476 1263 perigolo
1501 1222 1544 1253 de
1562 1227 1683 1253 morte.
1731 1222 1768 1252 Io
1793 1222 1986 1262 cavafflcho

143 1275 207 1306 “in
232 1275 439 1317 Alemagna,
463 1284 508 1306 no
532 1273 737 1316 guardando
762 1275 830 1306 alla
854 1285 962 1316 paura
986 1280 1022 1306 et
1046 1274 1194 1316 perigoli
1218 1275 1260 1306 de
1286 1280 1411 1310 morte:
1436 1274 1469 1306 io
1494 1274 1665 1316 supplica'
1690 1275 1722 1305 31
1747 1275 1830 1306 (1358
1857 1275 1900 1306 (18
1916 1275 1989 1307 Ka-

139 1329 154 1343 “
170 1328 309 1366 rinthia,
334 1328 500 1359 continuo
524 1327 669 1359 visando
693 1327 725 1358 le
749 1327 894 1370 lagrime
920 1327 978 1359 dei
1003 1328 1096 1365 ochi,
1113 1329 1179 1359 che
1197 1327 1228 1360 ie
1244 1327 1394 1370 piasesse
1418 1327 1593 1370 sovignire
1611 1328 1679 1360 alla
1697 1328 1813 1360 citade
1830 1329 1988 1360 enferma

71 1382 113 1412 20
145 1382 159 1397 ‘⁴
174 1386 209 1413 et
233 1379 273 1422 83
296 1381 332 1412 13
356 1380 518 1424 perigolo
542 1380 585 1412 de
610 1386 730 1416 morte,
756 1380 788 1412 el
813 1381 895 1423 qual
918 1393 973 1413 me
998 1391 1173 1422 promesse
1199 1391 1261 1423 per
1284 1391 1322 1412 so
1347 1386 1567 1423 sagramento
1591 1381 1707 1424 vignir
1734 1382 1771 1413 in
1795 1392 1945 1423 persona
1969 1392 1988 1413 a

141 1434 155 1450 ¹⁴
171 1444 355 1466 seccorrer
377 1435 410 1465 13
434 1434 522 1466 ditta
539 1434 667 1466 citade.
715 1434 847 1471 Eccho,
870 1434 903 1465 13
919 1444 980 1466 soa
996 1445 1172 1476 promessa
1196 1445 1242 1466 no
1266 1434 1311 1465 ha
1327 1434 1467 1466 habudo
1484 1434 1617 1466 effetto.
1666 1435 1709 1467 El
1725 1434 1809 1467 duse
1827 1436 1870 1467 de
1887 1435 1991 1467 Oste-

143 1487 267 1519 “richo
293 1498 357 1530 per
379 1488 469 1519 iusta
485 1497 593 1519 cason
617 1497 662 1519 no
687 1497 731 1518 38
755 1487 813 1529 po’
838 1488 901 1519 dar
925 1487 1062 1525 alturio,
1085 1488 1151 1520 che
1176 1487 1244 1520 ello
1269 1487 1287 1519 ὲ
1312 1487 1487 1520 assidiado
1508 1488 1545 1519 in
1569 1488 1726 1525 Vienna;
1751 1488 1912 1521 Conrado
1945 1489 1989 1521 de

145 1541 385 1583 “Ovestagno,
416 1541 449 1572 el
479 1540 561 1583 qual
592 1541 637 1571 ha
660 1541 834 1573 recevudo
860 1541 918 1573 dal
941 1541 1077 1573 Comun
1104 1541 1147 1572 de
1172 1540 1267 1572 Pava
1291 1541 1377 1573 tanti
1401 1546 1436 1572 et
1466 1540 1538 1573 cosi
1571 1551 1656 1584 gran
1688 1542 1837 1579 servisfi,
1868 1552 1913 1574 no
1944 1553 1987 1574 ne

143 1593 251 1625 “vole
275 1593 470 1636 sovegnire,
502 1603 538 1624 se
570 1593 605 1624 io
636 1593 711 1624 solo
735 1603 780 1625 no
804 1593 836 1625 ie
862 1594 942 1635 faeo
967 1593 1014 1624 fe’
1040 1593 1098 1625 del
1123 1604 1161 1625 so
1186 1594 1295 1625 soldo.
1343 1593 1382 1625 Io
1408 1594 1454 1625 ho
1478 1594 1610 1636 scripto
1635 1606 1655 1626 3
1678 1594 1834 1637 ῼ33338,
1859 1604 1989 1626 summo

74 1647 114 1678 25
143 1648 157 1662 “
173 1647 348 1688 pontifico,
371 1652 466 1679 tante
491 1646 581 1678 fiade
606 1657 626 1678 a
650 1646 791 1689 Vignon
816 1652 850 1678 et
874 1648 906 1677 al
930 1657 967 1678 so
992 1648 1107 1690 legato
1130 1647 1166 1678 in
1191 1647 1358 1689 Bologna,
1384 1653 1418 1678 et
1441 1646 1469 1678 si
1492 1647 1525 1678 ie
1550 1647 1594 1678 ho
1613 1647 1811 1679 discoverto
1836 1649 1867 1679 el
1892 1647 1991 1680 stado

145 1702 159 1717 “
175 1700 268 1732 della
292 1700 409 1732 citade
434 1710 610 1742 oppressa.
659 1701 696 1732 Io
714 1701 758 1732 ho
775 1700 983 1742 supplicado
1008 1711 1028 1731 a
1052 1699 1225 1742 Florenea
1250 1701 1282 1732 al
1306 1701 1386 1732 fiolo
1411 1701 1467 1733 del
1485 1711 1523 1732 re
1540 1701 1699 1733 Roberto
1717 1708 1751 1734 et
1767 1702 1846 1733 hoie
1872 1702 1992 1734 desco-

146 1755 271 1786 “verto
295 1753 327 1786 18
352 1753 489 1785 miserie
514 1754 550 1784 di
574 1753 722 1791 Pavani;
747 1754 781 1785 io
813 1754 858 1785 ho
881 1760 1134 1786 secretamente
1158 1759 1301 1786 trattato
1327 1754 1370 1785 de
1397 1753 1522 1786 alturio
1553 1754 1610 1786 col
1640 1754 1758 1797 signor
1782 1755 1825 1786 de
1850 1754 1991 1786 Mantoa

146 1809 159 1823 “
177 1813 211 1838 et
235 1807 282 1839 ho
305 1807 438 1849 scripto
463 1806 495 1838 ai
520 1807 693 1839 marchesi
712 1817 731 1838 a
755 1808 914 1845 Ferrara,
939 1807 1005 1839 che
1031 1807 1109 1838 voia
1133 1807 1307 1849 sovignire
1331 1814 1364 1838 et
1388 1807 1496 1839 darne
1520 1817 1696 1839 soccorso.
1743 1808 1849 1840 Tutte
1873 1815 1991 1851 queste

147 1861 256 1892 “cose
280 1860 399 1892 niente
424 1859 469 1891 ha
494 1860 640 1901 eovado,
659 1860 741 1901 ’3381
765 1859 784 1891 ὲ
809 1869 909 1901 13880,
934 1860 1000 1892 8118
1024 1860 1036 1892 1
1060 1859 1248 1897 Trivisani,
1272 1861 1284 1891 i
1309 1859 1402 1901 quali
1426 1860 1601 1892 insembre
1625 1871 1692 1893 con
1717 1862 1777 1893 nui
1801 1862 1819 1893 ὲ
1844 1867 1932 1894 sotto
1957 1862 1991 1893 13

75 1914 116 1944 30
147 1913 326 1956 “signoria
349 1913 407 1944 del
439 1914 524 1945 duse
556 1914 600 1945 de
633 1913 829 1951 Karinthia‚
860 1914 962 1956 niega
993 1912 1037 1945 de
1062 1913 1169 1945 darne
1195 1913 1317 1945 alturio
1343 1919 1378 1945 et
1401 1913 1566 1952 subsidio,
1590 1914 1748 1947 siandoie
1773 1920 1865 1947 tante
1898 1915 1990 1947 volte

146 1967 404 1999 “domandado.
455 1966 566 2004 Quilli
584 1968 628 1999 da
646 1967 802 2006 Vinesia‚
820 1968 859 2008 83
877 1967 976 2010 quasi
1002 1967 1109 1999 nostri
1135 1967 1278 2011 signori.
1296 1978 1339 1999 ne
1365 1968 1537 2000 comanda
1562 1968 1679 2011 quello
1704 1969 1768 2000 che
1792 1969 1824 2000 ie
1847 1970 1943 2011 piase
1958 1991 1989 2008 „.

229 2020 309 2053 Cosi
335 2021 367 2051 81
392 2020 479 2052 ditto
504 2031 616 2052 meser
639 2020 809 2057 Mamilio,
833 2020 965 2053 involto
990 2020 1035 2052 da
1058 2021 1171 2063 questi
1197 2020 1358 2062 pensieri,
1383 2021 1558 2053 habiando
1584 2022 1637 2053 fra
1663 2021 1688 2053 51
1713 2022 1820 2054 molto
1834 2023 1991 2064 pensado

140 2084 281 2113 ancora,
305 2074 378 2105 dise
403 2074 457 2105 fra
481 2073 508 2105 51
531 2073 740 2105 medesimo:
769 2072 838 2105 “Io
862 2084 994 2115 porave
1020 2074 1238 2106 richamente
1263 2074 1380 2106 vivere
1405 2085 1425 2105 3
1451 2074 1595 2107 Vinesia
1619 2082 1653 2106 et
1678 2081 1787 2107 τοι-138
1819 2076 1863 2107 (13
1887 2075 1990 2118 quisti

147 2126 342 2170 “perigoli;
367 2139 422 2158 ma
445 2137 509 2168 per
531 2133 641 2165 certo,
665 2127 727 2159 s’el
751 2138 805 2159 me
830 2127 1049 2169 convignisse
1074 2128 1212 2166 morire,
1237 2127 1272 2159 io
1297 2128 1375 2159 voio
1399 2128 1574 2171 sovignire
1594 2128 1662 2160 alla
1686 2129 1756 2160 mia
1771 2130 1894 2171 patria.
1941 2129 1991 2174 ῼὲι

75 2180 116 2211 35
147 2181 161 2196 “
177 2180 248 2212 8051
273 2190 374 2212 como
399 2190 510 2212 meser
534 2180 661 2212 Nicolo
685 2180 730 2212 da
754 2179 904 2212 Carrara
927 2181 972 2212 ha
996 2191 1062 2212 una
1081 2180 1160 2212 fiola
1178 2181 1223 2212 da
1240 2181 1303 2212 dar
1318 2191 1382 2223 per
1397 2181 1527 2213 moiere
1551 2192 1571 2213 a
1589 2191 1701 2214 meser
1719 2182 1878 2219 Masfflno,
1895 2183 1939 2215 ho
1957 2183 1989 2213 io

145 2235 158 2249 ¹⁴
172 2244 241 2264 una
268 2243 366 2275 3883,
391 2234 541 2265 madona
557 2233 684 2272 Tadia‚
701 2233 781 2265 fiola
797 2233 864 2265 che
882 2234 918 2265 fo
936 2234 979 2265 de
1004 2244 1116 2265 meser
1133 2234 1273 2266 Iacomo
1290 2234 1424 2276 grande
1444 2234 1489 2265 da
1506 2235 1666 2274 Carrara,
1686 2236 1718 2266 13
1743 2236 1822 2277 qual
1838 2236 1871 2267 io
1889 2246 1990 2277 posso

145 2289 159 2303 “
175 2287 238 2318 dar
260 2297 324 2328 per
347 2287 476 2318 moiere
502 2286 534 2317 31
559 2286 652 2319 dicto
676 2297 789 2318 meser
812 2286 952 2326 Masfin,
976 2293 1010 2319 et
1027 2287 1053 2318 si
1070 2287 1103 2318 ie
1120 2297 1224 2328 posso
1248 2298 1313 2328 pur
1337 2287 1429 2319 meio
1447 2288 1510 2319 dar
1534 2288 1639 2327 Pava,
1664 2288 1711 2325 io,
1730 2288 1794 2320 che
1811 2299 1848 2320 so
1866 2290 1989 2321 dentro

144 2342 158 2356 “
173 2346 208 2372 et
233 2349 331 2372 como
355 2340 507 2382 signore,
532 2340 598 2371 cha
623 2350 736 2372 meser
760 2339 902 2374 Nicolo.
925 2340 991 2372 che
1018 2340 1036 2371 ὲ
1061 2341 1105 2372 (18
1131 2340 1230 2372 fuora
1248 2365 1274 2381 „.
1323 2341 1368 2372 Et
1398 2340 1469 2372 cosi
1493 2351 1594 2372 sovra
1627 2348 1749 2383 questo
1774 2342 1992 2374 deliberada-

143 2400 259 2425 mente
284 2394 515 2425 comunicado
539 2393 698 2437 consiglo
723 2404 789 2426 con
813 2393 930 2436 alguni
955 2393 1062 2426 nobili
1095 2394 1145 2425 soi
1178 2393 1286 2431 amisi,
1318 2400 1557 2426 ascosamente
1582 2395 1748 2436 80138380
1780 2406 1845 2427 803
1877 2406 1989 2427 meser

79 2446 121 2477 40
145 2446 220 2478 Can
244 2458 263 2477 a
287 2452 412 2478 trattar
435 2446 613 2479 d’acordo.

232 2541 303 2573 111.
329 2540 429 2581 [lll].
456 2558 499 2563 —
528 2540 736 2582 Revoleudo
761 2541 855 2573 nella
878 2547 994 2573 mente
1018 2540 1062 2573 de
1087 2551 1200 2572 meser
1224 2541 1381 2573 Marsilio
1412 2541 1442 2572 18
1472 2542 1703 2583 sovrascripte
1735 2552 1815 2574 cose
1841 2549 1873 2573 et
1906 2542 1990 2573 altre

140 2595 293 2637 piusore,
317 2595 385 2627 ello
411 2596 547 2628 81113130
572 2596 617 2628 3(1
641 2595 668 2627 51
691 2606 738 2628 un
761 2607 799 2628 so
823 2597 1023 2636 secretario,
1047 2596 1078 2628 31
1106 2597 1208 2639 quale
1232 2597 1298 2630 ello
1323 2597 1422 2639 pario
1446 2598 1481 2629 in
1507 2604 1627 2640 questa
1656 2598 1783 2629 forma:
1815 2597 1878 2629 “Io
1911 2597 1990 2628 voio

147 2650 161 2665 ‘⁴
176 2648 241 2680 che
263 2654 301 2680 tu
324 2649 408 2681 vadi
433 2660 452 2680 a
475 2660 589 2681 meser
613 2648 688 2682 Can
713 2656 747 2682 et
770 2650 988 2682 offerrissimi
1014 2661 1032 2681 3
1058 2650 1101 2680 lui
1128 2650 1353 2682 liberamente
1371 2657 1406 2682 et
1422 2651 1455 2683 la
1472 2651 1625 2694 signoria
1650 2651 1726 2682 dela
1752 2651 1818 2683 cita
1835 2651 1878 2682 de
1897 2651 1992 2682 Pava

149 2704 163 2718 “
178 2712 282 2744 58383
305 2702 411 2744 algun
435 2708 546 2744 patto:
574 2713 639 2744 pur
662 2703 696 2734 io
720 2703 752 2734 ie
777 2704 953 2735 domando
978 2703 1043 2736 che
1070 2703 1091 2733 ’l
1116 2703 1336 2735 matrimonio
1361 2704 1406 2736 de
1430 2703 1580 2736 madona
1603 2704 1745 2735 Tadhia
1768 2710 1802 2735 et
1819 2704 1861 2735 de
1878 2713 1990 2734 meser

77 2755 117 2786 45
148 2757 161 2772 “
175 2754 305 2787 Mastin
321 2755 402 2787 dala
418 2754 532 2794 Scala,
556 2766 734 2797 promesso
759 2757 792 2788 al
816 2757 999 2800 magnifico
1024 2757 1092 2788 mio
1118 2756 1226 2788 barba
1246 2768 1358 2789 meser
1381 2757 1522 2789 Iacomo
1546 2758 1678 2799 grande
1696 2757 1740 2788 da
1757 2757 1916 2794 Cari-ara,
1933 2756 1990 2788 del

146 2809 160 2823 ¹⁴
175 2814 263 2840 tutto
286 2809 336 2840 sia
352 2808 541 2850 compiido,
566 2814 601 2840 et
626 2809 692 2841 che
716 2811 870 2842 anchora
893 2821 913 2842 a
936 2820 1048 2841 meser
1072 2810 1147 2841 Can
1163 2809 1265 2851 piaea
1282 2817 1501 2853 smentegare
1518 2817 1603 2842 tutte
1620 2810 1777 2851 l’ineurie
1795 2810 1881 2841 fatte
1897 2820 1917 2841 a
1942 2809 1990 2841 lui

147 2861 160 2876 ‘⁴
177 2860 235 2892 dai
260 2861 401 2898 Pavani,
426 2862 499 2894 cosi
522 2863 557 2894 in
583 2871 709 2894 comun
733 2872 833 2895 como
857 2873 919 2904 per
942 2863 1075 2905 special
1106 2873 1267 2904 persone,
1299 2869 1334 2895 et
1366 2874 1552 2895 conservar
1583 2863 1661 2895 tutti
1692 2863 1701 2893 1
1738 2862 1880 2894 citadini
1910 2862 1991 2894 dela

146 2914 160 2930 “
177 2915 264 2947 ditta
294 2920 388 2946 terra
411 2915 446 2946 in
477 2915 509 2947 le
541 2926 602 2947 soe
626 2925 762 2957 rasone,
787 2922 823 2948 et
847 2917 913 2949 che
938 2923 1030 2949 sotto
1056 2917 1090 2948 13
1113 2927 1171 2948 503
1203 2917 1400 2958 protection
1424 2917 1434 2948 i
1460 2927 1562 2958 possa
1594 2922 1835 2959 seguramente
1867 2926 1988 2948 menar

145 2967 208 2998 “la
233 2977 294 2999 503
310 2968 393 3000 vita.
438 2967 605 3002 Anchora
621 2969 686 3001 che
711 2969 721 3000 i
747 2970 938 3009 Todeschi,
962 2971 1027 3003 che
1052 2969 1070 3001 ὲ
1088 2981 1108 3001 3
1123 2970 1219 3002 Ρ3ν3
1242 2976 1276 3002 et
1300 2980 1364 3013 ege
1381 2977 1433 3002 sta
1457 2980 1519 3013 per
1542 2970 1676 3013 guarda
1701 2969 1768 3000 fina
1792 2969 1872 3008 mo',
1889 2980 1992 3011 possa
