2290 3449
33 535 49 561 5

21 759 53 786 lO

23 979 52 1006 15

12 1629 52 1660 25

11 1895 53 1925 30

12 2160 52 2193 35

29 2763 60 2780 10

29 2969 60 2995 ¹5

168 359 254 383 Anno
274 357 384 381 domini
405 355 560 379 millesimo
581 356 782 379 trecentesimo
802 353 964 382 undecimo,
991 352 1142 376 indicione
1162 358 1248 382 nona,
1266 351 1312 374 die
1337 350 1449 374 decimo
1476 352 1602 375 intrante
1630 351 1746 380 marcio,
1768 350 1871 379 Padue,
1893 350 1922 374 in

80 405 192 427 comuni
214 402 337 435 palacio,
356 401 393 425 ad
413 401 521 424 discum
541 400 770 427 Procuratorum,
796 398 975 430 presentibus
996 396 1123 421 Gerardo
1150 396 1266 419 notario
1287 394 1429 426 quondam
1444 395 1586 426 Johannis
1613 395 1647 419 de
1672 397 1804 420 contrata
1824 395 1926 419 Sancte

80 448 193 476 Crucis,
213 447 328 471 Tosono
349 446 471 474 notario,
492 445 552 468 stlio
571 444 723 469 Guilielmi
742 443 819 467 Tisii
841 443 997 471 serratoris,
1017 442 1044 464 et
1063 441 1149 464 Petro
1170 440 1296 470 notario,
1310 439 1373 463 filio
1388 439 1533 464 Francisci
1552 440 1586 463 ab
1599 440 1700 472 Agere,
1721 441 1844 464 notariis
1858 440 1926 463 Pro—

80 494 250 521 curatorum,
269 492 297 514 et
316 490 392 514 aliis,
429 489 533 521 Reperi
553 495 605 520 ego
625 489 723 512 Petrus
744 488 873 511 notarius
894 486 1099 516 infrascriptus
1119 485 1149 508 in
1170 484 1246 507 libro
1261 484 1473 507 forbanitorum
1488 485 1617 507 comunis
1638 484 1732 508 Padue
1751 491 1803 517 pro
1824 484 1929 508 debitis

80 535 262 568 generalibus
281 536 312 559 in
326 535 484 566 potestaria
498 533 610 557 domini
625 532 749 561 Alberti,
763 531 872 554 domini
888 530 1048 561 Ugucionis
1063 528 1098 552 de
1112 528 1250 557 Castello,
1265 529 1418 560 potestatis
1436 528 1534 557 Padue,
1549 535 1632 552 unam
1648 530 1817 561 scripturam
1833 529 1929 552 vivam

77 583 105 605 et
125 588 182 604 non
202 579 390 604 cancellatam
412 580 441 602 in
461 578 536 602 hunc
556 577 672 601 modum
691 575 839 607 scriptam,
858 574 889 598 in
910 574 1104 605 suprascripto
1131 572 1286 597 millesimo
1305 574 1333 596 et
1361 572 1522 597 indictione
1550 574 1576 596 et
1603 573 1700 596 dicbus
1721 573 1925 604 infrascriptis.

788 618 843 642 Die
863 625 942 641 nono
964 618 1091 642 intrante
1115 617 1225 641 marcio

171 669 312 693 Dominus
331 669 460 697 Bruscus,
480 669 625 698 tamquam
638 664 714 688 filius
724 665 751 687 et
764 663 843 686 heres
858 662 970 687 domini
984 662 1130 686 Bonifacii
1143 670 1170 693 q.
1184 662 1291 686 domini
1303 661 1439 694 Jacobini
1451 661 1598 693 Papafave
1611 661 1645 685 de
1659 661 1800 692 Carraria,
1815 662 1930 686 forban-

84 717 161 740 nitus
182 716 258 738 iussu
278 715 499 738 Procuratorum
519 711 647 735 comunis
667 708 768 736 Padue‚
788 716 821 731 eo
841 708 908 739 quia
929 715 985 731 non
1007 707 1097 731 solvit
1123 707 1160 731 ad
1185 709 1338 731 terminum
1365 708 1555 731 constitutum
1581 708 1637 739 J'am
1664 707 1790 738 elapsum
1810 708 1930 731 domino

83 761 167 784 Petro
188 759 297 783 domini
314 757 455 790 Johannis
474 756 575 784 Rubei,
594 755 738 784 tamquam
757 753 853 776 heredi
875 752 987 776 domini
1003 752 1145 783 Johannis
1166 751 1313 784 Pelegrini
1333 760 1360 783 q.
1383 751 1494 775 domini
1520 750 1712 775 Presimbonii
1735 752 1767 775 de
1782 751 1878 775 Madia
1898 751 1931 774 dc

84 805 231 829 contracta
251 811 272 827 s.
290 802 489 831 Bartholamei,
511 798 620 823 solidos
641 797 748 829 viginti
771 797 951 820 denariorum
973 798 1140 820 venetorum
1163 803 1327 828 grossorum
1348 796 1382 820 de
1403 797 1488 825 sorte,
1507 802 1579 827 pena
1595 797 1623 819 et
1648 796 1791 826 expensis,
1810 803 1843 819 eo
1866 796 1932 826 quia

84 849 155 873 olim
175 849 267 872 dictus
286 848 418 871 dominus
437 844 614 872 Bonifacius,
633 843 694 866 eius
713 842 802 873 pater,
823 841 862 864 sic
883 847 933 864 sua
951 842 1056 873 sponte
1076 841 1222 873 obligavit
1242 841 1279 864 ad
1300 840 1590 870 forbanniendum,et
1610 840 1781 863 renuncians
1803 840 1883 863 feriis
1903 841 1930 862 et

83 893 209 924 statutis,
224 895 255 916 ut
269 892 432 916 continetur
451 890 480 913 in
502 887 600 912 cartha
620 886 710 910 debiti
731 885 807 910 sacta
826 893 876 918 per
896 886 1058 909 Americum
1079 886 1226 909 notarium
1248 894 1273 917 q.
1288 885 1431 917 Johannis
1452 892 1467 908 a
1488 892 1530 908 me
1551 885 1667 908 notario
1682 885 1745 908 visa
1765 886 1792 908 et
1812 884 1932 912 iecta,et

86 944 159 961 nunc
179 937 342 961 admonitus
362 941 410 967 per
427 932 568 961 Iacobum,
588 930 677 954 filium
696 930 821 954 Antonii
843 930 914 953 dieti
936 929 1084 961 Bacchlni‚
1105 929 1138 953 de
1159 930 1289 953 contrata
1309 928 1337 954 S.
1358 928 1478 958 Urbani,
1504 936 1654 960 preconem
1680 928 1810 952 comunis
1830 927 1933 957 Padue,

85 983 112 1005 et:
131 982 238 1013 scripta
263 977 425 1004 admonicio
445 984 494 1008 per
512 975 696 1007 Stephanum,
715 974 805 998 filium
826 974 903 997 Petri
925 981 942 997 a
962 973 1153 1008 Pucingiano,
1175 974 1319 997 notarium
1341 974 1563 997 Procuratorum
1577 970 1594 996 ¹.

174 1026 204 1050 S.
223 1025 259 1049 Ν.
279 1024 339 1055 Ego
361 1022 459 1046 Petrus
478 1028 504 1051 q.
524 1019 655 1052 magistri
675 1018 795 1043 Viviani
817 1018 974 1050 callegarii,
997 1020 1069 1042 sacri
1090 1018 1198 1050 palacii
1219 1018 1360 1048 notarius,
1380 1019 1412 1042 ut
1432 1018 1525 1050 reperi
1545 1018 1575 1041 in
1596 1018 1675 1041 dicto
1690 1017 1775 1047 libro,
1786 1017 1862 1040 bona
1882 1016 1935 1040 fide

86 1071 135 1094 hec
155 1069 266 1102 scripsi.

174 1168 233 1200 Ego
251 1165 428 1194 Benedictus,
447 1164 585 1192 notarius,
605 1163 700 1187 socius
720 1162 932 1194 Infrascriptus‚
953 1169 995 1185 me
1016 1162 1169 1194 subscripsi
1188 1163 1216 1186 et
1235 1161 1386 1186 ascultavi.

176 1213 203 1237 S.
222 1213 259 1236 N.
277 1211 336 1242 Ego
356 1209 573 1234 Bartholameus
598 1208 693 1232 dictus
718 1207 885 1240 Cacarinns,
913 1207 1044 1230 notarius
1069 1207 1280 1238 ultrascriptus,
1306 1207 1433 1231 existens
1451 1206 1481 1230 in
1502 1206 1598 1230 officio
1619 1206 1816 1237 ultrascripto,
1837 1212 1931 1229 coram

87 1257 270 1288 ulti-ascripto
290 1254 384 1278 iudice
403 1254 438 1277 ad
459 1253 569 1278 discum
589 1252 815 1284 ultrascriptum,
835 1252 993 1283 predictum
1014 1251 1245 1279 instrumentum,
1266 1253 1409 1282 sumptum
1424 1258 1457 1275 ex
1472 1251 1640 1275 authentico
1654 1251 1742 1274 dictis
1761 1250 1840 1274 Petri
1852 1250 1933 1279 dicti,

84 1301 226 1335 judicibus
245 1299 427 1329 auctoritate,
446 1297 645 1330 ultrascriptis
658 1297 822 1326 millesimo,
842 1296 1015 1326 indictione,
1036 1296 1082 1320 die
1102 1297 1129 1319 et
1150 1295 1216 1320 loco
1236 1297 1263 1320 et
1283 1296 1412 1324 testibus,
1433 1303 1464 1319 ac
1479 1296 1566 1319 modo
1580 1297 1718 1320 contento
1733 1295 1762 1319 in
1778 1295 1845 1320 aliis
1859 1295 1930 1318 meis

86 1344 341 1376 subscriptionibus
359 1342 484 1367 fideliter
504 1342 677 1373 exemplavi.

248 1468 383 1501 XXIV.
407 1485 451 1490 —
472 1466 639 1500 Dominus
664 1466 810 1513 Oppifo.

171 1575 223 1607 92.
249 1574 349 1615 {106}
367 1592 411 1596 —
425 1572 524 1605 Fiolo
548 1572 700 1604 succede
726 1583 744 1603 a
761 1582 873 1603 meser
890 1572 982 1604 Mar-

81 1629 157 1662 silio
181 1627 360 1669 Papafava
378 1628 422 1659 da
438 1626 586 1659 carrara
600 1625 622 1658 ².
663 1626 713 1657 De
730 1631 853 1668 questo
870 1636 983 1657 meser

82 1682 219 1724 Oppico
234 1682 268 1712 io
285 1686 384 1712 trovo
401 1679 458 1711 nel
474 1684 756 1721 comencamento
773 1678 866 1711 della
882 1689 984 1721 guer-

82 1747 130 1772 ra,
154 1736 220 1766 che
246 1734 283 1766 fo
305 1734 394 1765 satta
417 1743 483 1765 con
508 1733 583 1765 Can
605 1732 750 1775 grande,
768 1732 845 1769 che,
869 1742 984 1764 acom-

82 1787 244 1831 pagnado
268 1797 310 1818 co
331 1786 480 1818 l’ardido
498 1786 697 1818 chavaliero
714 1796 826 1817 meser
844 1784 983 1824 ΝίσοΙὸ,

82 1841 162 1873 fiolo
186 1841 253 1873 che
279 1841 317 1872 fo
348 1839 392 1870 de
423 1849 535 1870 meser
566 1838 717 1871 Ubertin
749 1839 793 1870 da
823 1838 983 1876 Carrara,

80 1895 201 1926 siando
221 1893 257 1925 in
274 1893 369 1925 Pava
385 1892 503 1935 alguni
527 1891 685 1934 povolari
709 1891 854 1924 citadini
878 1902 983 1933 pava-

80 1948 126 1985 ni,
151 1947 216 1979 che
240 1957 277 1978 se
303 1946 483 1978 chiamava
505 1944 580 1986 pari
613 1944 705 1977 della
735 1950 834 1986 parte
862 1945 983 1987 guelfa

80 2006 114 2033 et
144 2005 235 2033 sotto
266 2005 388 2042 questo
419 2009 520 2030 nome
553 1998 756 2030 convertiva
789 1998 826 2030 in
856 2008 895 2030 so
919 2008 981 2030 uso

80 2054 157 2086 tutti
188 2053 198 2084 i
231 2052 335 2085 officii
366 2059 402 2085 et
432 2052 554 2084 honori
579 2052 636 2084 del
660 2062 784 2084 comun
809 2053 852 2084 de
877 2051 982 2089 Pava,

80 2106 278 2149 portandoi
298 2106 377 2138 ditti
392 2116 504 2137 meser
529 2105 654 2137 Nicolb
679 2111 713 2137 et
737 2105 875 2147 Oppico
899 2115 984 2147 que-

81 2166 132 2192 sto
155 2160 429 2198 molestamente,
458 2165 492 2190 et
514 2169 602 2200 peco
619 2158 684 2191 che
700 2158 713 2189 i
730 2158 807 2191 ditti
825 2158 984 2200 povolari

79 2213 294 2256 straparlava
318 2214 361 2246 de
385 2213 459 2244 loro
484 2213 517 2244 in
535 2222 657 2244 ascoso
672 2217 707 2244 et
723 2211 751 2243 si
768 2212 780 2243 i
798 2212 984 2244 defamava

173 2373 179 2389 ¹
200 2376 253 2399 Nei
280 2375 362 2399 codd.
391 2376 492 2406 questo
518 2375 692 2399 istrumento
720 2373 735 2399 ὲ
759 2375 905 2407 riportato
931 2374 984 2398 due

85 2418 173 2442 volte.

172 2457 184 2474 ²
201 2458 321 2489 0bizzo,
339 2459 421 2492 figlio
441 2459 469 2483 di
491 2459 633 2487 Marsilio,
653 2458 698 2483 del
713 2466 790 2483 ramo
806 2458 852 2482 dei
866 2459 984 2490 Papafa·

86 2508 130 2531 va,
144 2508 197 2525 con
212 2501 233 2525 il
248 2502 372 2526 lontano
386 2502 546 2533 congiunto
560 2500 677 2530 Nicolb,
690 2502 772 2534 figlio
786 2501 814 2525 di
829 2501 980 2531 Ubertino,

85 2542 131 2566 del
150 2549 228 2566 ramo
248 2543 355 2568 diretto
370 2543 416 2567 dei
436 2543 589 2575 Carraresi,
605 2544 636 2568 fu
650 2544 854 2576 protagonista
867 2543 912 2567 dei
927 2543 982 2567 lut-

86 2586 162 2609 tuosi
181 2586 377 2610 avvenimenti
402 2586 508 2617 segniti
534 2586 591 2610 alla
620 2588 711 2610 morte
738 2586 770 2610 di
798 2585 937 2610 Giacomo
960 2585 983 2609 il

84 2627 201 2659 grande.
239 2618 260 2651 1³:
279 2627 428 2652 ricordato
447 2627 483 2651 fin
504 2627 551 2652 dal
574 2635 649 2660 1304,
662 2630 734 2653 teste
749 2628 825 2652 neila
839 2634 984 2660 promessa

85 2671 113 2695 di
129 2673 317 2696 matrimonio
330 2672 359 2696 di
374 2673 490 2701 Brusco,
505 2680 519 2696 e
534 2673 563 2696 fu
578 2680 636 2696 uno
651 2673 696 2697 dei
717 2673 837 2702 coeredi,
860 2672 910 2696 che
924 2679 983 2696 rac-

84 2713 194 2738 colsero
214 2714 242 2738 la
261 2715 441 2738 successione
454 2714 584 2738 dell’asse
598 2714 760 2747 famigliare
774 2715 819 2738 del
839 2723 918 2738 ramo
938 2714 982 2739 dei

85 2755 238 2788 Papafflva,
259 2759 415 2788 pervenuta
435 2758 464 2780 in
485 2755 659 2781 Giacomino
679 2757 836 2789 Papafava,
852 2764 933 2781 come
947 2758 982 2780 ri-

87 2797 161 2821 sulta
179 2798 256 2830 dagli
276 2800 331 2823 atti
357 2798 386 2822 di
408 2798 556 2823 divisione
578 2799 655 2830 1318,
685 2798 717 2823 16
738 2807 843 2830 marzo,
871 2806 886 2823 e
909 2806 984 2831 1321,

90 2845 122 2871 14
139 2839 255 2871 giugno‚
274 2842 382 2865 mentre
403 2848 461 2864 non
482 2842 636 2865 restavano
656 2841 724 2865 altri
745 2841 886 2873 legittimi
907 2841 983 2865 credi

88 2881 138 2904 che
159 2881 198 2904 lui
218 2883 254 2905 ei
276 2883 377 2914 cugini
397 2883 574 2907 Marsilietto
594 2891 608 2907 e
622 2883 748 2907 Rinaldo
768 2891 782 2906 e
801 2883 844 2915 gii
863 2883 942 2907 eredi
955 2883 983 2906 di

87 2925 188 2954 questi,
207 2924 325 2948 essendo
344 2926 413 2949 tutti
433 2926 474 2957 gli
490 2926 556 2949 altri
578 2926 689 2950 estinti.
726 2925 809 2956 Mori,
832 2926 909 2958 dopo
925 2927 985 2950 vita

89 2967 207 2998 agitata,
228 2966 250 2990 il
271 2973 304 2997 ²9
324 2968 475 2991 novembre
497 2974 572 2999 1329,
592 2976 607 2992 e
627 2968 692 2992 solo
713 2975 762 2999 per
781 2967 820 2991 un
842 2975 936 2992 errore
956 2968 984 2992 di

89 3008 335 3040 interpretazione
350 3009 371 3032 il
391 3009 618 3041 diligentissimo
639 3008 757 3035 CEoLDo
777 3008 897 3042 (Albero,
912 3018 937 3043 p.
953 3017 986 3042 ²9

222 3125 254 3149 T.
274 3124 361 3157 XVII,
383 3133 409 3156 p.
429 3130 449 3154 1,
470 3125 529 3150 vol.
548 3131 572 3149 n
595 3139 627 3143 —
650 3124 690 3150 16.

1204 1465 1336 1498 XX1V.
1364 1484 1402 1489 —-
1427 1465 1594 1497 Dominus
1620 1464 1766 1511 Oppiqo.

1125 1572 1176 1603 92.
1205 1572 1309 1612 [100]
1334 1590 1375 1594 —
1401 1571 1508 1604 Filius
1528 1573 1669 1604 domino
1692 1571 1846 1603 Marsilio
1872 1570 1937 1602 Pa-

1035 1625 1162 1666 pafave
1187 1626 1367 1664 successit,
1390 1626 1451 1657 sed
1469 1636 1546 1657 cum
1574 1625 1804 1657 successionis
1827 1624 1937 1667 ipsius

1036 1678 1166 1710 domini
1189 1678 1386 1720 Oppiconis
1409 1678 1474 1720 ipsi
1507 1679 1647 1711 domino
1681 1678 1838 1710 Marsilio
1862 1687 1937 1709 rec-

1035 1737 1177 1774 tumque
1201 1737 1338 1774 tempus
1361 1732 1531 1774 ignorem,
1558 1732 1645 1764 illud
1676 1732 1712 1763 in
1743 1731 1936 1764 successio-

1036 1795 1114 1816 nem
1140 1784 1283 1826 tradam,
1308 1785 1403 1827 quod
1426 1785 1463 1816 in
1488 1785 1707 1817 documentis
1730 1784 1868 1826 reperio
1891 1784 1936 1815 de

1037 1838 1112 1879 ipso
1136 1838 1348 1870 facientibus
1371 1849 1575 1876 sermonem,
1600 1848 1692 1870 anno
1715 1838 1855 1870 Domini
1870 1838 1937 1869 sci-

1038 1891 1119 1923 licet
1142 1891 1323 1924 millesimo
1351 1892 1598 1924 trecentesimo
1630 1892 1736 1924 tertio
1768 1890 1935 1923 decim0³.

1037 1945 1105 1977 Hic
1129 1946 1181 1977 vir
1205 1946 1270 1977 fuit
1293 1946 1531 1988 magnanimus
1546 1945 1557 1961 ⁴
1576 1951 1611 1977 et
1633 1944 1798 1982 liberalis,
1821 1944 1859 1975 in
1882 1954 1936 1976 ar-

1037 1998 1101 2029 mis
1125 2004 1295 2037 strenuus,
1328 1999 1521 2040 intrepidus
1551 2004 1585 2030 et
1615 1997 1741 2036 audax,
1765 1998 1809 2030 ad
1841 1997 1938 2029 facta

1034 2058 1214 2094 promptus
1244 2053 1413 2095 ingentia,
1448 2062 1593 2095 magnus
1628 2053 1805 2084 factorum
1840 2050 1938 2083 nobi-

1036 2105 1120 2137 lium
1143 2116 1337 2149 aggressor,
1361 2106 1455 2148 quod
1486 2106 1522 2137 in
1545 2105 1653 2147 gestis
1683 2104 1758 2137 eius
1788 2104 1938 2137 viriliter

1037 2159 1297 2192 demonstravit.
1345 2159 1463 2191 Hicin
1488 2159 1571 2191 belli
1587 2159 1707 2197 inicio,
1738 2158 1834 2201 quod
1858 2168 1938 2190 cum

1036 2212 1133 2244 Cane
1159 2213 1293 2255 grande
1319 2217 1453 2255 gestum
1471 2218 1522 2244 est
1532 2211 1555 2250 ⁵,
1572 2222 1726 2244 annexus
1742 2211 1842 2243 militi
1866 2221 1938 2242 ma-

1041 2374 1093 2407 sg.)
1106 2375 1209 2400 dubito
1223 2375 1273 2400 che
1287 2376 1406 2399 dovesse
1420 2375 1478 2400 tale
1492 2375 1558 2399 data
1572 2381 1647 2399 esser
1661 2376 1791 2407 spostata
1804 2374 1832 2398 ai
1848 2374 1880 2399 18
1894 2374 1936 2398 di-

1039 2417 1158 2448 cembre,
1180 2418 1210 2440 in
1230 2417 1296 2441 base
1315 2425 1330 2440 a
1350 2424 1407 2442 una
1427 2418 1615 2450 espressione‚
1635 2416 1686 2440 che
1706 2416 1730 2441 si
1753 2416 1835 2448 iegge
1861 2416 1937 2439 neila

1040 2459 1201 2484 donazione
1227 2459 1301 2483 della
1322 2459 1417 2483 madre
1436 2459 1585 2491 Agnesina
1605 2459 1704 2483 Fiesco
1724 2466 1741 2482 a
1759 2458 1893 2483 Marsilio
1912 2466 1938 2489 q.

1039 2502 1195 2526 Albertino
1210 2509 1224 2525 e
1237 2509 1253 2526 a
1266 2501 1371 2534 [acopo
1391 2509 1417 2532 q.
1431 2501 1560 2525 Rinaldo
1575 2509 1600 2533 q.
1615 2501 1781 2530 Albertino,
1798 2501 1811 2513 “
1822 2502 1937 2525 mortuo

1039 2543 1142 2567 “dicto
1168 2542 1287 2566 domino
1307 2542 1448 2572 Obizone,
1475 2542 1553 2566 dicto
1574 2542 1630 2572 die,
1651 2541 1769 2565 nomine
1795 2549 1880 2573 pure.
1894 2559 1917 2566 ..
1931 2560 1936 2565 .

1039 2585 1186 2610 “donavit
1197 2594 1225 2617 „2
1247 2585 1274 2609 la
1294 2585 1411 2609 dizione
1431 2585 1502 2610 dicto
1521 2585 1564 2609 die
1579 2586 1602 2609 si
1624 2585 1752 2609 riserisce
1771 2585 1829 2609 alla
1848 2585 1937 2609 dona-

1037 2629 1128 2657 tione,
1142 2635 1199 2651 non
1215 2628 1271 2651 alla
1286 2628 1353 2651 data
1366 2627 1442 2652 della
1455 2628 1557 2651 morte.
1589 2627 1655 2658 Egli
1670 2635 1727 2651 non
1744 2625 1835 2650 lascio
1849 2626 1937 2658 eredi,

1037 2678 1085 2703 per
1099 2671 1144 2695 cui
1160 2670 1242 2694 l'asse
1260 2670 1417 2694 ereditario
1432 2677 1483 2694 suo
1498 2668 1583 2702 passo
1599 2671 1628 2693 in
1644 2669 1777 2694 Marsilio
1791 2670 1819 2694 di
1836 2669 1935 2693 Alber-

1037 2715 1102 2738 tino
1115 2721 1129 2737 e
1143 2714 1172 2737 in
1186 2714 1289 2745 Iacopo
1302 2713 1329 2736 di
1345 2712 1482 2742 Rinaldo,
1498 2714 1596 2744 previa
1610 2713 1798 2736 restituzione
1812 2713 1857 2736 dei
1871 2711 1937 2735 beni

1038 2756 1132 2780 dotali
1147 2756 1202 2779 alia
1223 2755 1337 2787 moglie,
1357 2762 1437 2779 come
1451 2763 1499 2786 per
1515 2756 1576 2779 atto
1593 2762 1602 2778 1
1621 2755 1736 2779 ottobre
1754 2761 1821 2786 1330
1833 2753 1937 2787 (CEOL-

1038 2805 1084 2827 Do,
1104 2799 1213 2826 Albero,
1235 2806 1260 2829 p.
1281 2797 1334 2830 So).

1125 2837 1135 2853 ³
1156 2839 1200 2863 Cf.
1221 2846 1270 2871 per
1289 2838 1317 2862 la
1337 2838 1401 2863 data
1421 2846 1435 2862 e
1456 2839 1474 2862 i'
1498 2839 1627 2870 proemio
1648 2838 1676 2862 di
1698 2839 1796 2869 questa
1818 2837 1879 2862 vita
1905 2837 1935 2861 in

1040 2883 1073 2911 A,
1094 2890 1115 2906 c.
1136 2881 1191 2906 106.

1126 2923 1136 2940 4
1152 2923 1163 2934 ‘¹
1176 2924 1228 2947 liic
1243 2926 1288 2947 vir
1303 2924 1358 2948 fuit
1373 2925 1574 2955 magnanimus
1591 2937 1622 2940 —
1637 2923 1847 2947 demonstravit
1859 2931 1890 2943 =
1902 2923 1936 2954 A,

1039 2968 1052 2981 “
1064 2975 1087 2992 c.
1111 2967 1173 2994 106;
1194 2965 1246 2990 Vir
1266 2965 1432 2998 magnificus
1444 2979 1476 2982 —
1489 2967 1516 2989 et
1536 2966 1630 2989 audax
1641 2983 1664 2996 „.

1128 3008 1138 3023 ⁵¹
1157 3010 1169 3023 “
1182 3009 1235 3032 ilic
1256 3009 1285 3032 in
1305 3008 1375 3032 belli
1396 3008 1488 3032 inicio
1502 3021 1534 3025 —
1551 3008 1705 3032 vocabatur
1720 3016 1753 3028 Ξ
1767 3007 1801 3035 A,
1825 3006 1882 3031 106.

1966 2506 1999 2523 20

1964 2719 1997 2745 25

1965 2928 2000 2953 30
