2290 3449
313 211 390 246 210
664 210 836 246 GESTA
864 209 1164 246 MAGNIFICA
1196 210 1382 246 DOMUS
1411 209 1801 247 CARRARIENSIS

311 343 394 371 torie,
413 344 538 375 Jacentes
558 349 641 373 super
659 342 734 366 viam
753 341 886 373 Stanghe,
901 343 929 366 et
943 342 1091 366 laboratur
1105 349 1154 375 per
1167 342 1325 366 Iohannem
1339 342 1479 367 Poletum.
1504 342 1586 373 Item,
1600 343 1675 367 circa
1689 350 1806 376 campos
1820 345 1878 368 tres
1892 345 1967 368 terre
1981 346 2106 369 aratorie
2121 345 2151 369 in

310 387 406 411 eadem
426 388 566 414 contrata,
587 386 632 410 cui
652 386 764 410 coheret
783 393 799 409 a
812 386 920 410 duabus
933 386 1062 418 partibus
1076 387 1169 411 dictus
1184 386 1326 415 dominus,
1340 388 1367 410 et
1382 386 1530 410 laboratur
1543 393 1593 419 per
1605 387 1781 412 Paduanum.
1810 388 1892 418 Item,
1906 388 1982 412 eirea
1996 388 2067 413 duos
2079 397 2154 413 cam-

310 438 363 463 pos
381 433 409 455 et
428 438 514 455 unam
534 431 672 463 perticam
691 432 765 454 terre
787 431 918 460 aratorie,
930 431 1057 464 Jacentes
1072 432 1101 455 in
1115 432 1210 455 eadem
1225 433 1369 461 contrata,
1383 431 1426 455 cui
1442 431 1555 455 coheret
1568 438 1584 455 a
1597 431 1704 456 duabus
1719 433 1848 464 partibus
1861 433 1955 457 dictus
1968 433 2112 462 dominus,
2125 436 2154 458 et

311 476 458 499 laboratur
478 482 526 507 per
546 475 738 499 Benedictum.
776 474 854 505 Item,
877 476 952 499 circa
973 474 1044 499 duos
1063 483 1178 508 campos
1191 477 1219 500 et
1233 476 1357 508 perticas
1377 475 1527 499 duodecim
1542 477 1614 499 terre
1629 477 1763 505 aratorie,
1775 478 1902 510 jacentes
1916 479 1946 501 in
1960 477 2058 502 eodem
2078 478 2153 508 loco,

309 521 337 543 et
355 520 502 543 laboratur
520 525 569 551 per
588 519 757 543 Salvadeum
777 520 804 542 et
825 518 949 544 fratrem.
986 518 1068 550 Item,
1087 521 1160 544 circa
1180 520 1251 544 duos
1271 527 1385 552 campos
1397 521 1425 543 et
1439 519 1508 543 duas
1527 521 1650 552 perticas
1669 522 1743 545 terre
1757 522 1888 551 materie,
1906 522 2033 555 jacentes
2053 523 2082 546 in
2097 521 2152 546 Ca-

310 563 378 592 rola,
396 564 512 588 coheret
531 571 545 587 a
565 563 674 587 duabus
693 563 822 596 partibus
842 563 935 588 dictus
955 563 1100 594 dominus,
1118 566 1146 588 et
1165 564 1313 589 laboratur
1338 571 1386 596 per
1405 563 1481 587 filios
1500 571 1526 595 q.
1549 563 1693 596 Pegoloti.
1730 565 1808 596 Item,
1833 567 1911 590 circa
1936 567 2059 598 perticas
2085 569 2152 591 octo

308 609 381 631 terre
400 607 533 637 aratorie,
551 608 676 640 jacentes
697 615 778 640 super
797 607 913 631 buscum
933 608 1044 637 Bebete,
1063 608 1177 632 coheret
1197 616 1212 632 a
1233 609 1341 632 duabus
1361 608 1490 640 partibus
1510 608 1604 632 dictus
1624 608 1767 639 dominus,
1781 611 1808 633 et
1821 609 1968 634 laboratur
1982 617 2032 642 per
2044 610 2153 634 Padua-

308 659 383 676 num.
413 652 494 681 Item,
515 653 588 676 circa
608 660 695 676 unum
716 659 847 684 campum
867 654 894 676 et
909 654 964 676 tres
979 654 1139 684 quarterios
1153 655 1226 677 terre
1240 654 1374 681 aratorie,
1390 654 1520 686 jacentes
1534 659 1617 684 super
1630 652 1794 685 Agnellam,
1808 655 1921 679 coheret
1935 663 1950 679 a
1963 655 2070 679 duabus
2090 662 2153 687 par-

308 697 385 720 tibus
404 696 496 720 dietus
517 696 659 724 dominus,
679 698 706 720 et
726 697 874 720 laboratur
893 703 942 728 per
961 695 1110 721 Guasium.
1147 697 1226 727 Item,
1245 698 1321 721 circa
1341 704 1455 728 campos
1475 704 1524 720 sex
1543 699 1571 720 et
1586 697 1697 721 tabulas
1716 697 1908 729 quadraginta
1926 701 2002 723 terre
2020 700 2153 728 aratorie,

307 741 433 772 jacentes
453 747 541 771 prope
562 747 658 764 nemus
678 740 710 763 de
731 740 822 769 Bisso,
843 740 958 764 coheret
977 748 991 764 a
1011 740 1119 765 duabus
1138 741 1269 773 partibus
1281 740 1376 765 dictus
1392 741 1526 764 dominus
1539 742 1567 764 et
1580 740 1726 765 laboratur
1739 749 1788 772 per
1801 741 1877 766 filios
1890 742 2034 774 Pegoloti.
2072 744 2151 771 Item.

307 785 486 809 medietatem
506 785 616 814 buschi,
635 785 711 816 quod
731 784 840 808 dicitur
864 785 987 809 buschus
1010 785 1150 809 Iohannis
1169 786 1203 809 (le
1228 786 1319 816 Bisso,
1345 780 1458 810 coheret
1485 793 1500 809 a
1521 786 1630 809 duabus
1655 786 1788 817 partibus
1809 793 1906 810 versus
1931 786 2050 816 Conam,
2076 789 2151 820 quod

306 830 419 853 tenetur
438 836 487 862 per
507 829 614 853 dictum
635 830 790 853 dominum.
818 829 899 858 Item,
912 830 988 853 circa
1002 831 1058 853 tres
1072 837 1188 861 campos
1200 832 1229 853 et
1248 830 1371 862 perticas
1391 832 1457 854 octo
1471 831 1545 854 terre
1559 822 1683 854 aratorie
1696 830 1726 854 in
1741 830 1874 862 Agnella,
1890 832 2002 856 coheret
2015 839 2032 856 a
2046 832 2152 857 duabus

306 873 436 904 partibus
455 873 548 897 dictus
567 873 709 902 dominus,
729 874 757 897 et
776 873 922 897 laboratur
941 880 990 905 per
1010 873 1194 898 Clementem.
1232 874 1312 904 Item,
1331 875 1408 898 circa
1424 876 1481 898 tres
1496 881 1611 907 campos
1625 876 1653 898 et
1666 876 1789 905 perticas
1809 882 1911 898 novem
1925 877 1999 899 terre
2018 878 2152 908 materie,

304 919 427 950 jacentis
446 917 522 941 ultra
543 917 653 941 foveam
675 916 789 947 Carole,
809 918 836 941 et
856 917 1002 942 laboratur
1021 925 1070 950 per
1089 916 1390 951 Martinums-coheret
1403 926 1419 942 a
1433 919 1541 942 duabus
1554 918 1684 950 partibus
1698 919 1789 942 dictus
1804 918 1949 943 dominus.
1983 919 2063 949 Item,
2077 921 2152 945 circa

306 961 400 985 decem
415 962 537 993 perticas
550 963 625 985 terre
644 961 780 991 aratorie,
797 962 924 994 jacentes
938 968 1027 993 prope
1041 961 1177 985 buschum
1197 962 1308 990 Veheti,
1327 962 1440 986 coheret
1459 969 1475 986 a
1489 962 1598 986 duabus
1618 962 1748 994 partibus
1761 962 1856 986 dictus
1876 962 2018 991 dominus,
2032 964 2152 988 et‘labo-

304 1008 384 1030 ratur
403 1013 452 1038 per
472 1006 627 1030 Gerardum
647 1005 795 1030 Persende.
832 1005 912 1036 Item,
931 1007 1006 1029 circa
1025 1013 1114 1029 unum
1133 1013 1262 1037 campum
1282 1008 1310 1030 et
1330 1013 1431 1030 novem
1452 1008 1585 1039 perticas,
1604 1008 1726 1040 jacentis
1747 1008 1777 1030 in
1797 1006 1981 1037 Ronchaelis‚
2000 1008 2113 1032 coheret
2137 1017 2151 1032 a

306 1050 413 1074 duabus
427 1051 556 1082 partibus
569 1050 664 1074 dictus
683 1051 827 1080 dominus,
840 1052 869 1074 et
882 1050 1030 1074 laboratur
1043 1057 1092 1082 per
1105 1049 1267 1075 Coatesam.
1303 1050 1382 1081 Item,
1403 1053 1479 1075 circa
1493 1058 1607 1083 campos
1622 1052 1730 1083 viginti
1747 1053 1882 1083 quattuor
1901 1052 1928 1075 et
1942 1059 2028 1076 unam
2042 1053 2151 1083 peciam

304 1097 377 1119 terre
396 1095 532 1124 aratorie,
544 1095 667 1127 jacentis
686 1095 717 1118 in
733 1094 837 1124 Gurso,
857 1095 972 1119 coheret
992 1095 1026 1119 ab
1046 1102 1102 1119 una
1121 1096 1202 1127 parte
1215 1095 1272 1124 via,
1287 1095 1320 1119 ab
1333 1096 1402 1120 aliis
1417 1096 1511 1120 dictus
1532 1096 1676 1127 dominus,
1697 1098 1725 1120 et
1739 1096 1887 1120 laboratur
1900 1102 1950 1128 per
1965 1097 2151 1121 Albertinum

304 1139 338 1163 de
356 1139 539 1163 Francolino.
576 1139 656 1169 Item,
677 1140 751 1163 clrca
777 1141 900 1170 quatuor
919 1147 1033 1171 campos
1054 1142 1082 1164 et
1100 1139 1250 1163 dimidium
1269 1141 1344 1164 terre
1363 1140 1497 1168 aratorie,
1521 1140 1644 1173 Jacentis
1671 1141 1701 1164 in
1720 1140 1817 1164 eodem
1839 1140 1916 1170 loco,
1936 1141 1983 1165 cui
2002 1142 2116 1166 coheret
2136 1150 2151 1166 a

304 1184 412 1208 duabus
432 1184 562 1215 partibus
581 1184 675 1208 dictus
693 1184 835 1215 dominus,
855 1185 883 1208 et
902 1184 1051 1209 laboratur
1064 1192 1113 1217 per
1132 1184 1285 1208 Admetum
1299 1184 1442 1209 Frixeum.
1480 1185 1557 1214 Item,
1571 1185 1646 1209 circa
1661 1186 1784 1217 perticas
1801 1186 1894 1209 decem
1909 1188 1936 1209 et
1951 1188 2057 1218 septem
2077 1188 2151 1211 terre

304 1230 437 1257 aratorie,
454 1229 577 1261 jacentis
597 1230 627 1252 in
640 1228 739 1253 eodem
753 1228 827 1258 loco,
847 1229 960 1253 coheret
974 1237 989 1253 a
1004 1229 1112 1253 duabus
1131 1229 1261 1261 partibus
1282 1229 1355 1253 idem
1369 1229 1511 1258 dominus,
1526 1231 1554 1254 et
1573 1230 1721 1254 laboratur
1734 1237 1784 1262 per
1795 1230 1953 1254 Iohannem
1975 1232 2151 1256 massarium.

302 1273 382 1303 Item,
402 1275 476 1297 circa
496 1275 618 1304 quatuor
636 1281 753 1306 campos
766 1274 794 1297 et
808 1275 931 1306 perticas
945 1275 1001 1298 tres
1015 1281 1088 1298 terre
1103 1273 1237 1302 aratorie,
1249 1274 1372 1306 iacentis
1386 1275 1415 1298 in
1435 1274 1534 1298 eodem
1548 1274 1622 1304 loco,
1636 1275 1749 1298 coheret
1762 1281 1778 1298 a
1792 1275 1899 1299 duabus
1913 1275 2043 1307 partibus
2057 1276 2151 1301 dictus

302 1317 446 1347 dominus,
472 1319 499 1341 et
523 1317 672 1341 laboratur
696 1325 745 1351 per
770 1318 946 1342 Paduanum.
982 1318 1062 1347 Item,
1083 1318 1206 1350 perticas
1225 1318 1373 1342 duodecim
1393 1320 1466 1342 terre
1486 1320 1620 1349 aratorie,
1637 1319 1759 1351 Jacentis
1778 1319 1809 1343 in
1829 1318 2016 1350 RonchaeIIs,
2037 1320 2151 1345 coheret

303 1369 318 1385 a
335 1361 442 1385 duabus
461 1362 591 1394 partibus
610 1363 704 1386 dictus
723 1363 866 1392 dominus,
882 1365 911 1386 et
930 1363 1080 1387 laboratur
1099 1370 1148 1394 per
1166 1362 1302 1387 Blasium.
1339 1363 1419 1394 Item,
1439 1364 1513 1387 circa
1533 1371 1620 1387 unum
1640 1371 1770 1396 campum
1784 1366 1858 1388 terre
1873 1366 2010 1394 aratorie,
2028 1366 2150 1397 Jacentis

302 1407 332 1430 in
353 1405 449 1430 eodem
468 1406 542 1436 loco,
562 1406 675 1431 coheret
694 1415 709 1431 a
729 1407 836 1430 duabus
856 1407 986 1439 partibus
1006 1408 1100 1432 dictus
1119 1407 1262 1437 dominus,
1281 1408 1310 1431 et
1328 1407 1475 1432 laboratur
1488 1415 1537 1441 per
1551 1408 1687 1432 Blasium.
1723 1407 1802 1439 Item,
1824 1409 1898 1432 circa
1913 1416 1999 1432 unum
2019 1416 2149 1442 campum

300 1453 328 1474 et
348 1452 453 1482 septem
474 1452 596 1482 perticas
616 1453 688 1475 terre
709 1452 842 1480 aratorie,
861 1452 982 1484 jacentis
1002 1441 1032 1475 in
1052 1451 1150 1476 eodem
1170 1451 1247 1482 loco,
1265 1452 1379 1477 coheret
1394 1459 1410 1476 a
1430 1452 1537 1476 duabus
1551 1453 1681 1485 partibus
1695 1453 1789 1476 dictus
1802 1453 1944 1482 dominus,
1959 1455 1987 1477 et
2001 1453 2150 1479 laboratur

302 1502 350 1526 per
370 1494 517 1519 Guasium.
553 1495 633 1526 Item,
653 1497 728 1520 circa
747 1503 836 1520 unum
856 1503 985 1528 campum
1006 1498 1034 1520 et
1053 1497 1179 1527 quinque
1198 1497 1320 1528 perticas
1340 1498 1414 1521 terre
1433 1498 1565 1526 aratorie,
1587 1497 1709 1530 jacentis
1728 1497 1759 1520 in
1779 1497 1877 1521 eodem
1897 1497 1972 1527 ioco,
1995 1497 2108 1522 coheret
2132 1505 2148 1522 a

301 1540 407 1564 duabus
419 1540 548 1572 partibus
561 1540 655 1564 dictus
668 1541 811 1569 dominus,
825 1542 852 1564 et
866 1540 1015 1565 laboratur
1027 1548 1077 1573 per
1091 1541 1219 1565 Marcum
1231 1540 1375 1573 Pegoloti.
1398 1541 1478 1573 Item,
1495 1542 1570 1565 circa
1584 1542 1655 1566 duos
1669 1549 1784 1573 campos
1796 1543 1870 1565 terre
1881 1543 2014 1572 aratorie,
2026 1543 2150 1575 Jacentis

301 1585 330 1608 in
343 1585 441 1608 eodem
459 1584 536 1613 loco,
549 1585 664 1609 coheret
679 1592 693 1609 a
707 1585 816 1609 duabus
835 1585 965 1617 partibus
985 1585 1079 1609 dictus
1096 1586 1241 1615 dominus,
1254 1587 1281 1609 et
1294 1585 1443 1610 laboratur
1458 1593 1506 1619 per
1520 1586 1714 1611 Benedictum.
1750 1586 1830 1616 Item,
1842 1586 1919 1610 cii-ca
1932 1593 2049 1618 campos
2067 1589 2148 1618 quIn-

301 1636 352 1660 que
372 1630 399 1653 et
418 1630 541 1661 perticas
561 1631 626 1653 octo
645 1631 674 1653 et
693 1629 844 1653 dimidiam
858 1631 931 1654 terre
949 1627 1083 1659 aratorie‚
1101 1630 1222 1662 jacentis
1236 1630 1267 1654 in
1281 1630 1380 1654 eodem
1399 1630 1474 1658 loco.
1495 1631 1609 1654 coheret
1621 1636 1638 1654 a
1650 1630 1758 1654 duabus
1772 1630 1902 1661 partibus
1916 1630 1990 1654 idem
2004 1630 2147 1662 dominus,

301 1675 328 1697 et
353 1674 500 1698 laboratur
519 1681 568 1706 per
587 1672 744 1697 Gerardum
763 1674 904 1698 Persende
923 1676 951 1698 et
971 1674 1166 1699 Benedictum.
1202 1674 1282 1703 Item,
1302 1675 1378 1699 circa
1396 1681 1514 1708 campos
1533 1675 1641 1707 viginti
1662 1675 1798 1706 quinque,
1818 1674 1930 1698 tabulas
1949 1675 2057 1706 viginti
2072 1677 2147 1700 terre

300 1719 434 1748 aratorie,
450 1718 572 1750 jacentis
591 1718 622 1742 in
636 1718 734 1742 eodem
749 1719 814 1742 loco
831 1726 917 1750 penes
936 1720 1063 1750 pontem,
1083 1719 1197 1743 coheret
1209 1726 1226 1743 a
1242 1719 1348 1743 duabus
1367 1719 1498 1752 partibus
1516 1719 1610 1743 dictus
1629 1718 1772 1748 dominus,
1785 1721 1814 1743 et
1827 1719 1974 1743 laboratur
1991 1726 2042 1751 per
2053 1719 2148 1745 Salva-

299 1764 380 1787 deum
394 1765 421 1787 et
434 1763 599 1787 Iohannem.
622 1763 700 1794 Item,
712 1764 787 1787 eirca
801 1771 887 1788 unum
902 1771 1032 1797 campum
1046 1765 1073 1788 et
1086 1771 1172 1788 unam
1186 1765 1323 1795 perticam
1337 1765 1365 1788 et
1377 1763 1570 1796 quadraginta
1584 1765 1651 1788 octo
1665 1764 1777 1788 tabulas
1791 1766 1864 1788 terre
1877 1764 2012 1793 aratorie,
2023 1765 2147 1797 jacentis

298 1808 328 1831 in
342 1808 446 1839 Siligo.
461 1808 575 1832 coheret
595 1815 609 1832 a
623 1808 730 1832 duabus
749 1809 879 1839 partibus
899 1808 992 1832 dictus
1013 1809 1156 1837 dominus,
1175 1810 1203 1833 et
1216 1808 1364 1833 laboratur
1376 1816 1426 1841 per
1439 1809 1591 1833 Admetum
1606 1809 1700 1833 Frixe.
1731 1808 1811 1837 Item,
1824 1809 1899 1832 circa
1912 1815 1998 1832 unum
2019 1816 2148 1841 campum

298 1854 326 1876 et
351 1852 473 1884 perticas
492 1859 596 1876 novem
618 1854 647 1876 et
670 1852 782 1877 tabulas
802 1853 912 1885 viginti
932 1853 1002 1877 duas
1021 1855 1093 1877 terre
1112 1854 1246 1884 aratorie,
1265 1853 1388 1886 Jacentis
1407 1854 1438 1876 in
1458 1852 1557 1877 eodem
1577 1853 1643 1877 loco
1661 1859 1747 1885 penes
1767 1853 1857 1882 illam,
1877 1853 1991 1877 coheret
2010 1861 2026 1877 a
2039 1854 2147 1878 duabus

296 1897 425 1929 partibus
445 1896 539 1921 dictus
558 1896 702 1928 dominus,
715 1900 744 1921 et
758 1897 906 1921 laboratur
920 1905 969 1930 per
983 1898 1091 1921 dictum
1106 1897 1263 1922 dominum.
1299 1897 1379 1927 Item,
1390 1899 1465 1921 circa
1478 1905 1565 1921 unum
1586 1905 1714 1929 campum
1728 1900 1755 1921 et
1769 1905 1855 1921 unam
1869 1899 2007 1930 pertIcam
2020 1899 2048 1922 et
2062 1898 2146 1922 dimi-

297 1942 373 1965 diam
386 1942 459 1965 terre
473 1942 606 1970 aratorie,
617 1942 740 1974 jacentis
755 1943 785 1965 in
800 1942 897 1966 eodem
918 1941 994 1971 loco,
1013 1942 1128 1966 coheret
1142 1950 1157 1966 a
1171 1942 1278 1966 duabus
1297 1942 1427 1974 partibus
1447 1942 1541 1966 dictus
1561 1942 1704 1971 dominus,
1722 1943 1751 1966 et
1764 1941 1911 1966 laboratur
1924 1948 1973 1973 per
1986 1940 2145 1968 Coatesam.

296 1985 374 2014 Item,
393 1987 469 2009 circa
489 1993 603 2017 campos
623 1986 730 2017 viginti
746 1994 794 2010 sex
807 1989 836 2010 et
849 1994 933 2010 unam
949 1987 1086 2018 perticam
1100 1988 1128 2011 et
1141 1986 1291 2011 dimidiam
1305 1988 1378 2010 terre
1391 1988 1525 2016 aratorIe,
1543 1987 1666 2020 jacentis
1679 1986 1710 2010 in
1723 1987 1822 2010 eodem
1835 1987 1902 2011 loco
1915 1986 2020 2019 Siligo.
2033 1987 2148 2011 coheret

295 2036 311 2052 a
325 2029 432 2053 duabus
452 2030 581 2061 partibus
596 2030 690 2054 dictus
704 2031 846 2059 dominus,
865 2032 893 2055 et
913 2031 1062 2055 laboratur
1075 2039 1124 2063 per
1138 2031 1246 2055 dictum
1266 2031 1423 2055 dominum.
1448 2030 1529 2059 Item,
1542 2038 1630 2055 unum
1644 2037 1774 2062 campum
1788 2032 1816 2054 et
1830 2031 1980 2054 dimidium
1995 2033 2022 2054 et
2035 2031 2146 2056 tabulas

295 2074 510 2105 quatuordecim
530 2076 604 2098 terre
623 2074 790 2104 ciausurate,
809 2076 931 2108 jacentis
943 2083 1027 2107 super
1041 2083 1150 2100 crucem
1169 2075 1300 2108 Filigati,
1319 2075 1434 2099 coheret
1447 2083 1461 2099 a
1475 2075 1583 2099 duabus
1602 2075 1731 2108 partibus
1751 2075 1844 2099 dictus
1863 2075 2007 2106 dominus,
2020 2077 2048 2099 et
2067 2075 2145 2100 labo-

297 2120 376 2143 ratur
386 2126 435 2150 per
445 2119 600 2143 Iohannem
616 2119 648 2143 de
663 2118 798 2144 Corneto.
818 2120 896 2151 Item,
913 2121 989 2144 circa
1003 2121 1127 2153 perticas
1140 2122 1214 2144 terre
1227 2121 1321 2145 decem
1335 2120 1503 2149 clausurate,
1513 2121 1634 2153 jacentis
1649 2121 1677 2143 In
1692 2120 1867 2153 Dragundo,
1882 2120 1995 2144 coheret
2009 2128 2024 2144 a
2037 2120 2144 2145 duabus

294 2163 426 2195 partibus
445 2163 539 2188 dictus
565 2164 707 2193 dominus,
727 2166 754 2188 et
775 2164 924 2188 laboratur
943 2172 992 2196 per
1010 2164 1182 2189 Salvadeum
1202 2167 1230 2189 et
1250 2165 1375 2189 fratrem.
1412 2164 1491 2194 Item,
1508 2165 1583 2188 circa
1604 2171 1692 2188 unum
1712 2172 1839 2196 campum
1861 2166 1888 2188 et
1907 2166 2030 2196 perticas
2050 2172 2099 2189 sex
2117 2167 2145 2190 et

295 2207 406 2231 tabulas
426 2208 535 2240 viginti
550 2215 652 2232 novem
672 2210 746 2232 terre
766 2209 936 2238 clausurate,
954 2210 1077 2242 jacentis
1095 2210 1123 2233 in
1138 2210 1236 2233 eodem
1257 2209 1331 2238 loco,
1346 2208 1459 2233 coheret
1473 2209 1508 2233 ab
1520 2216 1576 2232 una
1596 2210 1676 2241 parte
1695 2208 1790 2233 dictus
1805 2209 1947 2238 dominus,
1957 2209 1992 2233 ab
2010 2209 2080 2233 aliis
2099 2210 2147 2234 via

295 2252 435 2281 comunis,
454 2254 481 2276 et
501 2253 648 2277 laboratur
662 2261 710 2285 per
723 2253 909 2278 Albertinum
923 2254 957 2277 de
970 2252 1157 2278 Francolino.
1182 2253 1263 2284 Item,
1277 2254 1352 2277 circa
1371 2260 1502 2285 campum
1517 2260 1602 2277 unum
1617 2255 1645 2277 et
1659 2254 1783 2284 perticas
1797 2254 1922 2285 quinque
1934 2255 2008 2277 tcrre
2020 2254 2147 2278 aratorie

294 2298 322 2320 et
341 2297 511 2327 clausurate,
529 2297 653 2329 jacentis
673 2299 702 2321 In
723 2298 821 2322 eodem
841 2298 914 2328 locu,
935 2298 1049 2323 coheret
1068 2299 1102 2322 ab
1122 2305 1179 2322 una
1199 2299 1279 2330 parte
1293 2297 1387 2322 dictus
1407 2297 1547 2327 dominus,
1563 2298 1598 2321 ab
1612 2297 1678 2322 aliis
1694 2298 1742 2321 via
1756 2297 1879 2329 publica,
1893 2299 1920 2322 et
1933 2297 2082 2322 laboratur
2094 2305 2144 2330 per

294 2341 535 2367 Bonaventuram.
570 2342 650 2371 Item,
665 2343 740 2366 circa
759 2350 861 2367 novem
881 2344 1005 2374 perticas
1018 2345 1045 2367 et
1059 2343 1167 2375 viginti
1188 2350 1273 2366 unam
1286 2342 1413 2367 tabulam
1426 2344 1501 2366 terre
1513 2343 1682 2371 ciausurate,
1702 2342 1822 2376 jacentis
1842 2349 1925 2374 super
1941 2343 2050 2366 foveam
2070 2342 2144 2367 Dra-

293 2386 400 2417 guncii,
420 2386 533 2410 coheret
548 2386 582 2410 ab
596 2388 713 2418 utraque
732 2388 811 2419 parte
826 2387 900 2411 idem
916 2387 1058 2418 dominus,
1074 2389 1102 2412 et
1114 2387 1263 2412 laboratur
1276 2394 1324 2419 per
1339 2387 1531 2411 Anthonium.
1550 2387 1629 2415 Item,
1643 2387 1694 2410 iila
1708 2394 1772 2418 pars
1787 2388 1858 2411 vitis
1872 2387 2024 2416 donIcalis,
2035 2393 2089 2418 que
2101 2388 2144 2411 est

296 2437 392 2454 versus
411 2430 559 2455 ecclesiam
580 2431 671 2463 Agne,
691 2432 785 2456 eundo
805 2439 854 2464 per
874 2432 1020 2456 tramitem
1040 2434 1114 2456 recte
1133 2439 1221 2463 usque
1240 2431 1275 2455 ad
1296 2431 1445 2459 fossatum,
1459 2431 1535 2462 quod
1549 2433 1591 2455 est
1604 2439 1655 2464 per
1667 2433 1780 2464 portam
1796 2432 1933 2462 clausure,
1948 2431 2143 2463 intelligendo

292 2475 376 2499 illum
390 2476 535 2499 tramitem
549 2483 608 2500 esse
622 2483 771 2500 comunem
786 2477 812 2500 d.
826 2477 952 2501 Marsilii
967 2478 994 2501 et
1008 2477 1033 2501 d.
1048 2477 1201 2501 Bonifacii.
1221 2476 1300 2507 Item,
1311 2476 1386 2500 circa
1397 2483 1501 2500 novem
1516 2476 1639 2507 perticas
1649 2478 1677 2500 et
1691 2476 1803 2500 tabulas
1816 2476 2008 2508 quadraginta
2021 2477 2145 2507 quatuor

292 2521 365 2543 terre
384 2520 509 2544 aratorie
529 2527 617 2552 prope
636 2522 742 2544 turrem
755 2520 941 2549 dominicam,
956 2521 1071 2545 coheret
1086 2529 1101 2545 a
1115 2520 1223 2545 duabus
1237 2520 1366 2553 partibus
1380 2520 1474 2544 dictus
1488 2520 1515 2544 d.
1529 2521 1707 2550 Bonifacius‚
1719 2522 1746 2544 et
1760 2520 1909 2545 laboratur
1922 2527 1972 2552 per
1984 2520 2142 2544 Vivlanum

291 2565 318 2588 et
339 2563 540 2595 Campionum.
576 2564 657 2593 Item,
677 2567 751 2589 cirea
771 2566 894 2597 perticas
915 2567 979 2590 octo
997 2567 1025 2590 et
1043 2565 1156 2590 tabulas
1176 2565 1366 2597 quadraginta
1385 2566 1459 2589 terre
1479 2565 1614 2596 pratalee,
1639 2565 1762 2596 jacentis
1788 2566 1817 2589 in
1837 2565 1968 2597 Pevegla,
1994 2565 2109 2589 coheret
2127 2572 2142 2589 a

290 2608 400 2632 duabus
419 2609 548 2640 partibus
568 2610 662 2634 dictus
682 2611 709 2634 d.
728 2610 908 2639 Bonifacius,
927 2613 956 2635 et
976 2611 1123 2635 laboratur
1142 2617 1191 2642 per
1210 2610 1362 2634 Admetum
1384 2609 1479 2633 Frixe.
1516 2609 1598 2639 Item,
1617 2610 1693 2634 circa
1713 2610 1784 2634 duos
1804 2617 1919 2641 campos
1943 2612 1971 2634 et
1990 2609 2144 2633 dimidium

291 2654 363 2677 terre
381 2655 503 2685 prative,
522 2654 552 2678 in
574 2653 672 2678 eodem
692 2654 758 2678 Ioco
777 2655 910 2687 jacentis,
930 2655 1045 2679 coheret
1064 2663 1079 2678 a
1099 2654 1206 2679 duabus
1232 2654 1362 2686 partibus
1388 2654 1482 2678 dictus
1502 2653 1646 2682 domInus,
1669 2655 1696 2678 et
1722 2653 1869 2678 laboratur
1888 2661 1937 2686 per
1957 2653 2142 2678 Benedictum

290 2699 318 2721 et
337 2696 499 2729 Vagerium.
538 2698 617 2727 Item,
637 2699 711 2722 circa
737 2706 824 2722 unum
850 2707 989 2732 campum,
1009 2699 1132 2731 perticas
1152 2699 1221 2723 duas
1241 2700 1268 2722 et
1287 2698 1400 2722 tabulas
1419 2698 1527 2729 viginti
1548 2700 1622 2722 terre
1642 2698 1777 2729 pratalee,
1795 2699 1916 2731 jacentis
1939 2697 2014 2730 apud
2029 2698 2143 2722 foveam

292 2748 448 2773 comunem,
471 2742 584 2766 coheret
598 2750 613 2766 a
628 2743 735 2767 duabus
755 2744 886 2775 partibus
901 2743 994 2768 dictus
1008 2744 1152 2772 dominus,
1166 2744 1193 2767 et
1207 2742 1355 2767 laboratur
1367 2749 1416 2774 per
1430 2741 1587 2771 Xandrum,
1605 2742 1730 2766 Blasium
1750 2744 1777 2767 et
1791 2741 1938 2767 Guasium.
1971 2742 2051 2772 Item,
2065 2743 2140 2766 circa

291 2793 378 2810 unum
397 2793 535 2817 campum,
556 2794 660 2811 novem
679 2787 801 2818 perticas
821 2790 849 2812 et
868 2788 981 2812 tabulas
1001 2789 1123 2819 triginta
1143 2795 1191 2811 sex
1209 2788 1284 2811 terre
1303 2788 1438 2816 materie,
1456 2787 1578 2818 Jacentis
1598 2787 1628 2810 in
1648 2787 1747 2810 eodem
1768 2787 1843 2817 loco,
1863 2787 1978 2811 coheret
1996 2793 2012 2810 a
2032 2786 2141 2811 duabus

292 2830 420 2860 partibus
441 2831 535 2855 dictus
555 2832 699 2861 dominus,
719 2833 747 2856 ct
767 2832 915 2856 laboratur
935 2839 985 2864 per
1004 2832 1188 2856 Albertinum
1210 2832 1243 2856 de
1261 2831 1406 2856 Strondis.
1440 2830 1520 2859 Item,
1541 2831 1616 2855 circa
1636 2831 1759 2855 medium
1780 2838 1909 2863 campum
1932 2832 1960 2855 et
1973 2831 2085 2855 tabulas
2100 2831 2140 2855 vi-

289 2874 367 2904 ginti
386 2877 508 2906 quatuor
528 2877 600 2899 terre
619 2876 745 2900 aratorie
764 2878 792 2900 et
812 2877 965 2908 pratalive,
983 2877 1107 2909 jacentis
1128 2877 1156 2900 in
1178 2875 1275 2901 eodem
1295 2875 1370 2904 loco,
1391 2875 1506 2899 coheret
1526 2882 1541 2899 a
1562 2875 1670 2899 duabus
1690 2876 1818 2908 partibus
1838 2876 1932 2899 dictus
1952 2876 2096 2905 dominus,
2113 2877 2143 2900 et

292 2918 438 2943 iaboratur
458 2926 507 2951 per
526 2919 695 2944 Gerardum.
731 2920 810 2951 item,
833 2922 906 2944 circa
927 2923 983 2945 tres
1003 2921 1129 2952 perticas
1148 2922 1222 2944 terre
1241 2919 1393 2954 pratalive,
1414 2920 1536 2952 jacentis
1559 2921 1587 2943 in
1608 2920 1705 2943 eodem
1731 2921 1861 2944 contrata
1881 2919 1957 2952 apud
1970 2922 2073 2944 terram
2088 2919 2142 2943 Mi-

289 2962 406 2993 chaelis,
428 2964 541 2988 coheret
561 2965 596 2988 ab
609 2972 665 2988 una
686 2966 767 2996 parte
786 2966 834 2989 via
849 2965 987 2994 comunis,
1002 2965 1037 2990 ab
1051 2964 1108 2989 alia
1129 2965 1223 2989 dictus
1237 2965 1382 2994 dominus,
1394 2965 1422 2987 et
1442 2963 1589 2988 laboratur
1603 2971 1652 2996 per
1665 2964 1772 2988 dictum
1788 2964 1946 2988 dominum.
1971 2963 2052 2994 Item,
2066 2965 2141 2988 circa

2185 741 2218 768 10

2185 963 2216 988 15

2179 1185 2216 1212 20

2179 1408 2213 1434 25

2177 1629 2214 1657 30

2177 1851 2211 1878 35

2176 2073 2212 2100 40

2174 2296 2208 2322 45

2173 2517 2208 2544 50

2170 2739 2204 2766 55

2171 2959 2207 2986 60
