2290 3449
94 336 254 367 Johannem
274 334 393 358 Donati.
429 332 508 360 Item,
528 339 615 355 unum
636 331 762 355 sedimen
784 337 845 354 cum
865 332 929 354 toto
950 329 1062 353 fossato
1082 329 1110 352 et
1130 328 1246 351 fossatis
1268 328 1298 350 in
1313 327 1417 355 medic,
1438 327 1581 358 quondam
1602 328 1676 359 apud
1691 327 1905 352 d.Schinellam
1920 329 1946 351 et

99 379 243 411 quondam
264 378 337 410 apud
358 376 513 401 vivianum
534 375 659 400 Voltam.
697 375 776 403 Item,
796 382 881 399 unam
895 374 1054 398 clausuram
1070 373 1101 396 in
1117 372 1212 403 capite
1226 371 1328 402 platee,
1341 371 1485 401 quondam
1500 372 1572 402 apud
1587 372 1613 395 d.
1627 372 1801 397 Schinellam
1816 374 1843 396 et
1856 379 1945 404 quon·

103 424 167 449 dam
187 423 261 455 apud
287 423 364 447 filios
390 421 562 445 Vivianelli.
600 420 634 444 Et
653 420 828 452 generaliter
854 419 950 442 omnia
974 418 1045 450 Jura,
1066 417 1150 444 bona,
1176 416 1302 439 rationes
1323 417 1350 439 et
1373 416 1570 446 possessiones
1591 417 1732 448 proprias,
1752 417 1900 441 llvellatas
1920 418 1947 440 et

103 469 268 501 pheudatas,
288 475 349 491 cum
366 466 458 499 postis
472 466 714 496 molendinorum,
728 464 922 496 mariganciis,
936 461 1112 494 pesonagiis‚
1132 468 1184 492 que
1203 462 1231 484 et
1250 467 1318 491 quas
1338 461 1459 493 predicti
1482 464 1680 492 procuratores
1700 464 1728 486 et
1747 464 1866 492 actores,
1886 469 1950 493 syn·

56 512 71 538 5
104 514 164 537 dici
191 515 218 537 et
244 513 376 544 yconomi
404 513 431 535 et
455 511 705 535 administratores
732 509 925 533 conventuum
953 507 1070 530 fratrum
1096 505 1241 529 minorum
1267 504 1299 528 de
1326 503 1421 528 Padua
1441 506 1469 528 et
1493 505 1527 528 de
1547 506 1692 536 Vicencia,
1712 508 1739 530 et
1758 507 1816 538 ipsi
1837 507 1946 536 fratres,

103 560 132 583 et
149 558 271 589 quilibet
290 558 419 590 ipsorum
440 557 558 580 fratrum
577 555 683 580 habent
703 554 745 578 vel
764 553 867 577 habere
887 553 1004 583 possent
1024 557 1073 574 seu
1090 549 1193 574 habere
1211 550 1378 574 viderentur
1391 550 1422 574 in
1437 551 1640 582 suprascriptis
1654 551 1739 574 bonis
1751 554 1779 575 et
1792 552 1947 583 possessio-

105 604 199 633 nibus,
220 609 272 633 que
291 601 433 633 quondam
454 601 568 624 fuerunt
588 601 662 624 dicte
682 598 708 622 d.
729 597 874 631 (jiiborge,
895 597 1000 627 positis
1021 595 1051 619 in
1075 595 1156 618 villis
1182 596 1209 618 et
1234 595 1392 618 territoriis
1417 594 1552 617 villarum
1572 594 1809 626 Montisgaldelle
1835 598 1863 620 ct
1883 595 1947 620 Cer-

106 647 219 675 varesst,
241 646 435 678 intelligendo
455 645 547 669 solum
568 644 598 668 in
618 643 692 667 villa
712 641 873 666 Cervaresii
894 647 910 664 a
924 640 1012 663 latere
1026 639 1052 663 S.
1067 638 1178 667 Crucis,
1190 639 1234 662 vel
1254 646 1306 670 que
1326 639 1402 662 dicta
1422 638 1542 662 domina
1562 640 1623 663 visa
1643 641 1703 663 erat
1722 639 1832 671 habere,
1853 642 1948 664 tenere

106 693 134 716 et
153 691 299 723 possidere
318 690 348 713 in
369 689 457 713 dictis
478 689 558 712 villis
577 689 605 712 et
624 685 775 710 territorio
794 684 929 708 villarum
950 683 1113 707 Cervaresil
1133 691 1148 707 a
1167 683 1257 707 latere
1275 682 1302 706 S.
1322 682 1424 707 Crucis
1435 684 1463 706 et
1477 683 1719 714 Montisgaldelic,
1740 690 1791 715 que
1805 684 1840 708 ad
1855 685 1948 708 dictos

44 735 76 762 10
106 738 273 766 conventus,
293 734 419 764 ordines,
441 735 541 758 fratres
559 734 588 756 et
605 730 760 762 quemlibet
780 729 909 761 ipsorum
929 728 1121 760 pervenerunt
1140 728 1185 752 vel
1205 728 1354 759 pervenire
1374 729 1518 759 poterant,
1539 727 1583 751 vel
1603 734 1777 759 quocumque
1794 730 1865 761 jure,
1890 731 1947 753 tam

105 788 140 804 ex
162 780 253 804 forma
273 778 449 808 testamenti,
468 784 551 809 quam
572 783 606 799 ex
633 775 725 798 forma
751 773 954 797 codicillorum
979 772 1056 796 dicte
1083 772 1200 796 domine
1226 771 1372 805 Cilborge,
1399 778 1461 795 cum
1487 772 1621 795 omnibus
1646 773 1704 796 suis
1728 772 1898 805 adjecentiis
1923 775 1950 797 et

105 824 303 857 pertinenciis,
323 823 432 856 iuribus
452 823 478 846 et
498 819 684 844 servitutibus
703 818 829 842 realibus
853 819 882 841 et
902 817 1110 850 personalibus,
1130 816 1327 848 superioribus
1344 818 1371 840 et
1397 816 1593 847 inferioribus,
1615 824 1645 840 ea
1667 824 1732 840 vero
1752 819 1864 841 ratione
1883 819 1913 841 ut
1934 825 1949 841 a

107 869 192 893 modo
213 868 334 900 predicti
356 867 467 890 nobiles
487 865 628 896 emptores
647 864 709 896 jure
728 862 851 894 proprii,
871 861 902 886 id
921 861 997 893 quod
1017 862 1060 885 est
1079 861 1238 892 proprium,
1258 863 1285 885 et
1303 861 1363 893 jure
1389 861 1493 889 livelli,
1520 861 1548 884 id
1568 861 1644 892 quod
1671 862 1712 884 est
1732 861 1871 891 livellum,
1890 863 1951 894 jure

108 913 224 946 pheudi,
244 912 275 937 id
294 911 369 944 quod
388 912 430 934 est
449 909 600 941 pheudum,
625 915 674 939 per
693 914 722 931 se
746 913 833 938 usque
858 907 974 930 heredes
1000 905 1122 930 debeant
1146 906 1258 936 habere,
1283 908 1378 929 tenere
1403 907 1487 936 atque
1512 906 1659 937 possidere
1681 907 1708 929 et
1734 912 1846 929 omnem
1872 914 1949 931 suam

46 956 76 982 15
93 957 266 982 -utuitatem
286 958 314 980 et
332 955 509 979 voluntatem
529 952 630 982 facere,
651 952 711 975 sine
732 950 964 975 contradictione
984 950 1127 974 dictorum
1140 951 1368 982 procuratorum,
1381 951 1519 978 actorum,
1533 949 1727 981 syndicorum,
1745 958 1950 981 yconomorum

107 1003 135 1025 et
155 1001 421 1026 administratorum
440 997 635 1029 predictorum
655 997 844 1020 conventuum
865 995 985 1019 fratrum
999 995 1141 1019 minorum
1160 994 1193 1018 de
1207 994 1304 1018 Padua
1323 995 1350 1018 et
1364 994 1398 1018 de
1412 994 1547 1018 Vicencia
1566 996 1594 1018 et
1607 994 1735 1026 ipsorum
1751 996 1951 1025 conventuum,

108 1047 242 1071 ordinum
259 1053 291 1070 ac
309 1046 394 1069 etiam
415 1044 534 1067 fratrum
555 1042 757 1074 predictorum.
794 1041 913 1073 Insuper
932 1041 1055 1072 predicti
1076 1042 1286 1072 procuratores,
1305 1042 1427 1068 actores,
1446 1040 1569 1072 syndici,
1581 1041 1714 1072 yconomi
1729 1042 1757 1064 et
1770 1041 1953 1065 administra-

109 1093 185 1115 tores
204 1091 393 1115 conventuum
413 1087 620 1120 predictorum,
642 1086 790 1115 dederunt,
809 1086 964 1114 cesserunt,
979 1085 1161 1110 tradiderunt
1177 1086 1259 1115 atque
1273 1084 1483 1109 mandaverunt
1496 1085 1662 1116 supradicta
1674 1085 1707 1109 de
1718 1092 1800 1109 causa
1814 1087 1841 1109 et
1856 1087 1951 1118 precio

108 1135 274 1168 supradicto
299 1132 396 1158 omnia
419 1132 483 1164 jura
509 1138 663 1162 omnesque
687 1131 817 1154 actiones
843 1130 933 1154 reales
953 1132 980 1154 et
1005 1129 1180 1162 personales,
1207 1129 1292 1153 utiles
1312 1130 1340 1153 et
1359 1130 1491 1159 directas,
1517 1129 1621 1153 tacitas
1648 1130 1676 1153 et
1701 1137 1858 1162 expressas,
1878 1138 1951 1154 com-

45 1178 80 1204 20
113 1182 242 1213 petentes
261 1180 288 1203 et
307 1177 518 1209 competituras,
538 1178 565 1199 et
585 1182 654 1206 quas
673 1176 701 1199 et
719 1175 816 1207 qualia
835 1175 979 1199 habebant
999 1179 1046 1198 seu
1065 1174 1167 1199 habere
1186 1175 1321 1206 poterant
1340 1175 1370 1197 in
1390 1174 1476 1198 dictis
1496 1174 1733 1206 possessionibus,
1754 1175 1782 1198 et
1808 1175 1953 1206 predictos

109 1226 248 1256 emptores
269 1224 298 1246 in
318 1228 397 1245 suurn
417 1220 512 1244 locum
538 1221 695 1251 posuerunt
720 1222 748 1244 et
773 1226 822 1243 eos
852 1220 1053 1251 procuratores
1082 1219 1113 1242 in
1142 1225 1199 1243 rem
1226 1226 1305 1242 suam
1334 1219 1423 1242 eciam
1453 1220 1673 1247 constituerunt,
1701 1219 1742 1243 ita
1770 1221 1802 1243 ut
1831 1219 1953 1251 predicti

109 1273 250 1301 emptores
274 1275 290 1291 a
308 1266 392 1290 modo
412 1266 529 1298 possint
555 1272 646 1297 agere,
674 1264 833 1294 defendere,
861 1266 954 1296 petere
977 1266 1005 1288 et
1024 1264 1158 1296 experiri,
1183 1263 1303 1288 vendita
1329 1264 1444 1293 donare,
1470 1264 1627 1295 infeudare,
1655 1264 1780 1288 alienare
1805 1266 1832 1288 et
1858 1266 1955 1289 omnIa

109 1313 166 1338 alia
186 1313 282 1340 facere,
302 1318 353 1342 que
372 1310 496 1341 quilibet
517 1317 598 1333 verus
618 1309 754 1333 dominus
774 1308 865 1332 facere
886 1310 992 1341 posset,
1006 1308 1107 1332 dantes
1120 1310 1148 1333 et
1161 1309 1348 1332 concedentes
1362 1308 1449 1332 dietis
1462 1308 1641 1339 emptoribus
1654 1308 1804 1332 licenciam
1824 1309 1953 1333 intrandi

109 1359 234 1382 tenutam
254 1357 282 1380 et
300 1355 513 1386 possessionem
534 1354 679 1378 dictorum
698 1355 816 1386 Jurium‚
836 1355 1049 1386 possessionum
1069 1355 1097 1377 et
1115 1353 1254 1378 bonorum
1275 1354 1393 1385 propria
1415 1353 1597 1381 auctoritate,
1624 1354 1832 1378 constituentes
1851 1361 1879 1378 se
1901 1362 1953 1386 pro

45 1400 78 1426 25
109 1401 196 1426 dictis
214 1399 390 1432 emptoribus
410 1399 541 1432 precario
561 1399 718 1431 possidere,
738 1399 828 1422 donec
849 1399 971 1430 ingressi
993 1398 1100 1422 suerint
1114 1400 1142 1422 in
1158 1399 1286 1422 tenutam
1305 1399 1333 1422 et
1355 1398 1566 1430 possessionem
1581 1398 1721 1422 dictarum
1740 1400 1955 1431 possessionum

107 1446 135 1469 et
154 1445 303 1468 bonorum.
340 1444 401 1472 Que
420 1444 495 1467 bona
515 1445 542 1467 et
556 1444 751 1476 possessiones
773 1443 908 1467 dixerunt
928 1442 1051 1474 predicti
1073 1442 1246 1471 venditores,
1266 1443 1475 1475 procuratores,
1495 1443 1613 1472 actores,
1632 1443 1755 1474 syndici,
1773 1444 1910 1475 yconomi
1929 1445 1957 1467 et

106 1489 367 1517 administratores,
387 1490 418 1512 ut
438 1489 568 1520 superius
593 1487 702 1511 dictum
722 1489 773 1515 est.
801 1487 908 1510 nemini
937 1487 997 1511 fore
1023 1487 1150 1517 vendita,
1176 1487 1314 1518 obligata,
1340 1487 1467 1511 alienata
1493 1487 1538 1511 vel
1564 1486 1662 1518 aliquo
1682 1488 1767 1512 modo
1788 1488 1956 1518 obnoxiata,

109 1534 193 1558 aliter
211 1541 295 1565 quam
315 1540 400 1566 supra
420 1532 528 1556 dictum
547 1535 606 1557 est:
627 1531 703 1564 quod
723 1533 745 1556 si
766 1533 947 1564 reperiretur,
967 1533 1163 1564 promiserunt
1182 1531 1266 1556 dictis
1286 1532 1462 1563 emptoribus
1488 1539 1537 1563 per
1561 1532 1715 1556 solemnem
1738 1533 1956 1564 stipulationem

108 1579 277 1610 guarentare
295 1579 323 1602 et
343 1578 494 1601 defendere
513 1577 648 1609 expensis
668 1577 807 1601 bonorum
828 1579 855 1601 et
876 1578 1098 1609 possessionum,
1112 1583 1164 1608 que
1183 1576 1324 1608 quondam
1342 1577 1455 1601 fuerunt
1469 1576 1495 1601 d.
1509 1576 1647 1609 Cilborge
1667 1577 1793 1608 predIcte
1807 1579 1834 1601 et
1847 1577 1955 1602 heredi-

44 1621 80 1648 30
110 1623 180 1647 tatis
200 1623 292 1654 ipsius
321 1623 348 1646 d.
376 1621 520 1655 Qiiborge.
560 1622 759 1646 Promiserunt
787 1628 898 1653 quoque
928 1622 1050 1653 predicti
1079 1622 1242 1645 venditores
1268 1621 1379 1646 reficere
1405 1629 1488 1645 omne
1511 1621 1647 1645 damnum
1666 1623 1694 1646 et
1719 1629 1866 1653 expensas,
1887 1630 1956 1654 quas

108 1668 178 1691 dicti
198 1669 342 1699 emptores
367 1667 496 1691 fecerunt
518 1667 548 1690 in
575 1666 746 1691 defensione
772 1667 916 1690 dictorum
941 1667 1084 1690 bonorum
1109 1668 1138 1690 et
1163 1667 1388 1698 possessionum,
1411 1667 1543 1698 expensis
1569 1667 1710 1691 bonorum
1735 1669 1762 1691 et
1785 1667 1956 1692 hereditatis

109 1719 135 1744 q.
154 1711 231 1736 dicte
250 1712 276 1736 d.
296 1711 432 1745 Cilborge
452 1713 479 1735 et
499 1713 693 1736 conventuum
713 1711 833 1735 fratrum
861 1712 1004 1735 minorum
1031 1711 1064 1735 de
1082 1710 1179 1735 Padua
1204 1712 1232 1734 et
1251 1711 1284 1735 de
1309 1710 1455 1740 Vicencia,
1470 1711 1608 1736 credendo
1628 1712 1662 1735 de
1687 1711 1803 1741 damno,
1821 1712 1958 1736 interesse

109 1758 136 1780 et
156 1757 288 1788 expensis
307 1756 363 1780 soli
385 1756 472 1780 verbo
491 1756 634 1780 dictorum
654 1758 812 1788 emptorum
833 1756 895 1780 sine
916 1760 1091 1780 sacramento
1111 1757 1139 1780 et
1159 1756 1216 1780 alia
1230 1756 1415 1788 probacione,
1434 1758 1462 1780 et
1482 1757 1505 1780 si
1525 1756 1601 1780 dicte
1623 1758 1827 1789 possessiones,
1841 1757 1916 1781 bona
1929 1759 1957 1781 et

108 1802 171 1834 Jura
189 1801 288 1825 valent
307 1808 355 1824 seu
375 1801 473 1832 aliquo
492 1802 620 1832 ternpore
639 1801 785 1825 valuerint
802 1801 866 1833 plus
884 1802 942 1834 jam
962 1800 1041 1824 dicto
1061 1801 1168 1831 precio,
1187 1801 1222 1824 ab
1241 1801 1309 1824 inde
1329 1800 1403 1824 illud
1417 1800 1480 1832 plus
1501 1800 1572 1824 dicti
1593 1801 1759 1826 venditores
1778 1801 1849 1833 ipsis
1869 1801 1956 1825 dona-

45 1842 79 1869 35
112 1847 214 1870 verunt
232 1847 260 1869 et
280 1846 449 1869 remiserunt
470 1845 588 1869 nomine
608 1853 676 1876 pure
695 1847 723 1870 et
743 1845 947 1869 irrevocabilis
967 1844 1150 1873 donacionis,
1165 1852 1216 1876 que
1230 1845 1338 1869 dicitur
1352 1845 1428 1870 inter
1442 1846 1533 1875 vivos,
1547 1852 1598 1876 que
1612 1846 1735 1877 ampHus
1755 1847 1883 1870 revocari
1899 1853 1956 1870 non

110 1890 202 1922 possit
215 1889 313 1921 aliqua
332 1890 544 1922 ingratitudine
565 1890 609 1914 ve]
631 1890 745 1919 offensa,
767 1890 965 1922 intelligentes
988 1891 1153 1914 venditores
1173 1890 1293 1921 predicti
1315 1892 1357 1914 tot
1378 1890 1469 1914 facere
1488 1890 1658 1914 donationes
1679 1898 1730 1922 pro
1751 1898 1858 1914 summa
1878 1892 1960 1922 quin-

111 1936 264 1966 gentorum
283 1941 433 1958 aureorum
454 1936 485 1958 ut
499 1934 596 1965 aliqua
609 1935 736 1967 ipsarum
753 1942 810 1958 non
825 1934 951 1959 excedat.
981 1934 1110 1958 Preterea
1125 1935 1311 1966 suprascripti
1333 1936 1542 1966 procuratores,
1555 1936 1673 1964 actores,
1688 1935 1810 1966 syndici.
1822 1936 1957 1967 yconomi

111 1980 138 2003 et
156 1978 409 2003 administratores
429 1981 620 2003 conventuum
641 1979 761 2003 fratrum
781 1980 925 2003 minorum
944 1979 978 2003 de
997 1979 1095 2003 Padua
1114 1980 1142 2003 et
1161 1979 1195 2002 de
1209 1979 1345 2003 Vicencia
1359 1979 1523 2010 supradicta
1543 1978 1577 2002 de
1597 1986 1679 2003 causa
1699 1981 1727 2003 et
1746 1981 1842 2011 precio
1861 1987 1957 2011 supra·

111 2023 190 2047 dieto
210 2025 361 2053 cesserunt,
381 2023 563 2048 tradiderunt
588 2026 616 2048 et
640 2024 848 2048 mandaverunt
873 2024 1047 2056 supradictis
1068 2024 1243 2055 emptoribus
1269 2024 1366 2047 omnia
1390 2025 1453 2056 jura
1473 2025 1500 2047 et
1520 2023 1660 2053 acciones,
1681 2031 1734 2055 que
1752 2027 1779 2048 et
1799 2031 1868 2055 quas
1887 2024 1956 2048 dicti

49 2066 83 2091 40
113 2069 280 2098 conventus,
298 2068 426 2098 ordines,
445 2069 547 2092 fratres
566 2070 594 2093 et
613 2069 736 2100 quilibet
756 2070 885 2100 ipsorum
907 2069 1027 2093 fratrum
1049 2070 1077 2093 et
1096 2069 1151 2100 ipsi
1172 2070 1380 2100 procuratores,
1400 2070 1520 2097 actores,
1540 2068 1807 2100 syndici,yconoml
1828 2071 1855 2093 et
1870 2069 1958 2093 admi-

115 2112 283 2137 nistratores
302 2115 494 2137 conventuum
514 2113 711 2145 predictorum
731 2113 837 2138 habent
857 2121 905 2138 seu
924 2114 1026 2138 habere
1043 2115 1160 2146 possent
1174 2113 1204 2137 in
1219 2113 1324 2137 damno
1344 2113 1412 2137 dato
1426 2113 1456 2137 in
1472 2113 1558 2137 dictis
1571 2114 1664 2142 bonis,
1678 2114 1787 2146 juribus
1807 2116 1834 2137 et
1848 2121 1958 2145 posses-

115 2157 245 2181 sionibus
263 2158 364 2181 eontra
383 2165 602 2189 unamquanque
620 2165 769 2191 personam
797 2160 824 2182 et
845 2165 990 2190 personas,
1009 2159 1247 2190 quemadmodum
1270 2157 1437 2181 intulissent
1457 2159 1485 2182 et
1503 2157 1649 2182 dedissent
1670 2159 1699 2181 in
1720 2158 1806 2182 dictis
1827 2158 1912 2182 bonis
1932 2160 1960 2182 et

115 2202 346 2233 possessionibus
365 2209 380 2225 a
400 2203 508 2226 duobus
529 2204 614 2227 annis
634 2203 715 2231 citra.
738 2204 796 2227 tam
815 2203 845 2227 in
866 2203 977 2235 agendo
998 2210 1083 2234 quam
1103 2203 1132 2227 in
1155 2202 1341 2231 defendendo,
1360 2203 1401 2226 ita
1421 2203 1453 2226 ut
1473 2210 1486 2226 a
1507 2202 1593 2226 modo
1613 2203 1728 2235 possint
1746 2210 1836 2234 agere,
1855 2205 1961 2235 petere,

116 2246 237 2277 exigere,
251 2247 406 2270 convenire
426 2248 452 2270 et
472 2247 585 2278 exquiri
605 2255 653 2271 eos
673 2249 701 2272 et
720 2247 884 2279 quemlibet,
904 2248 953 2279 qui
973 2247 1112 2272 dederunt
1131 2249 1159 2271 et
1179 2247 1339 2271 intulerunt
1365 2248 1498 2271 damnum
1518 2247 1637 2278 aliquod
1663 2248 1692 2270 in
1719 2246 1805 2271 dictis
1823 2247 1908 2271 bonis
1933 2249 1960 2271 et

53 2287 86 2313 45
117 2290 349 2321 possessionibus
369 2298 384 2315 a
403 2290 481 2315 dicto
500 2294 628 2324 tempore
648 2293 730 2321 citra,
750 2292 986 2323 quemadmodum
1008 2293 1063 2325 ipsi
1084 2294 1292 2323 procuratores,
1312 2293 1430 2319 actores,
1451 2291 1562 2323 syndici
1577 2293 1605 2315 et
1622 2293 1758 2323 yconomi
1780 2293 1870 2316 facere
1882 2293 1959 2325 pote-

113 2337 187 2366 rant,
208 2335 335 2360 dicentes
355 2337 383 2360 et
403 2338 557 2361 asserentes
578 2337 743 2361 venditores
762 2337 884 2368 predicti
906 2338 1017 2361 nemini
1036 2337 1113 2361 dicta
1132 2338 1194 2370 jura
1215 2337 1275 2360 fore
1294 2337 1369 2366 data,
1390 2337 1447 2361 nisi
1466 2337 1641 2368 emptoribus
1661 2338 1876 2369 soprascriptis,
1889 2338 1917 2361 et
1936 2338 1959 2361 si

116 2382 316 2412 repperiretur,
337 2388 384 2404 eos
403 2381 550 2406 indemnes
570 2389 682 2406 servare
703 2383 899 2415 promiserunt
919 2383 1052 2416 expensis
1072 2383 1212 2407 bonorum
1231 2384 1259 2406 et
1278 2381 1499 2413 possessionum,
1519 2388 1572 2413 que
1588 2382 1731 2413 quondam
1753 2383 1866 2406 fuerunt
1885 2382 1960 2406 dicte

118 2424 144 2449 d.
164 2424 303 2458 Qilborge
322 2426 350 2450 et
368 2425 537 2450 hereditatis
556 2427 647 2458 ipsius
669 2427 694 2451 d.
715 2426 864 2460 Qilborge.

206 2469 238 2493 In
257 2470 413 2494 millesimo
434 2471 627 2504 suprascripto
648 2473 676 2496 et
696 2471 742 2495 die
761 2471 903 2504 vigesimo
923 2471 1026 2504 quinto
1046 2472 1117 2496 dicti
1138 2473 1244 2496 mensis
1263 2471 1440 2503 septembris,
1460 2471 1638 2503 presentibus
1658 2470 1777 2496 Cerusio
1799 2472 1913 2496 notario
1928 2472 1960 2495 ab

56 2510 90 2536 50
120 2513 230 2537 Albaro
250 2514 283 2538 de
303 2515 434 2538 contrata
453 2513 481 2538 S.
500 2513 601 2539 Crucis
621 2517 655 2540 de
674 2515 781 2546 Padua,
801 2516 828 2541 d.
849 2516 968 2541 Gnanso
989 2517 1092 2547 iudice,
1112 2525 1137 2548 q.
1157 2516 1184 2540 d.
1198 2516 1330 2547 Jacobini
1350 2516 1383 2539 de
1404 2515 1514 2546 Casale,
1533 2515 1566 2539 de
1587 2516 1663 2540 dicta
1683 2518 1824 2546 contrata,
1837 2516 1962 2546 Anthea,

120 2557 181 2582 filio
201 2557 227 2582 d.
247 2558 440 2590 Bellengherli
459 2558 530 2584 dicti
551 2560 682 2590 Cervori,
696 2561 731 2585 de
744 2561 823 2585 dicta
837 2562 978 2592 contrata,
993 2561 1132 2593 johanne,
1146 2568 1171 2592 q.
1186 2561 1212 2585 d.
1227 2560 1393 2592 Aldigherii
1409 2561 1513 2584 iudicis
1527 2561 1561 2584 de
1574 2560 1684 2590 Casale,
1698 2560 1817 2594 Canone
1836 2562 1962 2589 notario,

119 2611 145 2635 q.
166 2603 369 2635 Bartholomei,
391 2603 424 2627 de
444 2604 612 2629 Cervaresio
630 2607 658 2630 et
676 2614 750 2630 nunc
770 2608 827 2631 stat
846 2606 943 2631 Padue
963 2608 993 2630 in
1015 2608 1145 2630 contrata
1166 2605 1383 2634 Turisessarum,
1402 2606 1522 2630 testibus
1544 2607 1654 2638 rogatis
1673 2607 1707 2630 ad
1727 2606 1777 2630 hec
1799 2606 1962 2639 specialiter

118 2649 288 2672 convocatis
306 2650 334 2672 et
347 2648 423 2672 aliis.
448 2649 513 2672 Vlri
527 2649 638 2674 nobiles
657 2650 684 2674 d.
701 2651 857 2675 Ubertinus
870 2653 898 2675 et
911 2651 1076 2683 Jacobinus,
1098 2652 1207 2681 fratres,
1228 2650 1283 2674 filii
1297 2659 1322 2681 q.
1336 2651 1393 2674 viri
1414 2650 1439 2674 d.
1454 2651 1598 2674 Bonifacii
1613 2651 1647 2675 de
1665 2650 1807 2679 Carraria,
1821 2653 1961 2683 emptores

119 2693 317 2724 suprascripti,
337 2693 518 2717 intraverunt
537 2695 664 2718 tenutam
686 2694 719 2718 de
739 2695 871 2720 omnibus
891 2696 1093 2729 suprascriptis
1117 2696 1235 2729 juribus,
1255 2695 1495 2727 possessionibus,
1520 2696 1651 2725 terrenis,
1670 2697 1771 2727 pratis,
1791 2696 1963 2725 nemoribus,

57 2734 88 2760 55
120 2737 262 2766 domibus,
281 2737 478 2766 sediminibus
503 2739 650 2768 comitatu,
675 2740 817 2768 vassallis,
844 2740 1046 2770 vassallaticis,
1072 2740 1190 2768 livellis,
1217 2740 1362 2771 precariis,
1389 2740 1584 2771 mariganciis,
1605 2740 1697 2772 postis
1724 2739 1961 2765 molendinorum,

117 2782 219 2811 castro,
238 2782 418 2814 personagiis
437 2783 469 2806 et.
484 2782 568 2806 bonis
587 2784 718 2808 omnibus
738 2785 949 2817 suprascriptis,
968 2792 1020 2817 que
1034 2785 1177 2816 quondam
1193 2785 1307 2808 fuerunt
1321 2783 1346 2808 d.
1361 2784 1497 2817 Cilborge
1509 2786 1665 2814 comitisse,
1677 2786 1705 2808 et
1719 2785 1768 2808 hec
1783 2791 1832 2808 sua
1845 2784 1961 2817 propria

123 2826 289 2849 auttoritate
309 2826 446 2850 intrando
465 2828 493 2851 et
512 2827 650 2856 exeundo,
670 2828 763 2853 eundo
783 2831 811 2853 et
830 2830 974 2854 redeundo
993 2831 1021 2854 et
1039 2829 1208 2862 accipiendo
1228 2830 1262 2852 de
1281 2830 1354 2852 terra
1374 2830 1401 2853 et
1421 2829 1455 2852 de
1481 2829 1632 2853 frondibus
1658 2829 1799 2860 arborum,
1818 2828 1962 2853 dicentes:

123 2867 136 2880 “
148 2868 290 2893 Intramus
310 2872 437 2895 tenutam
451 2873 478 2895 et
492 2872 671 2903 corporalem
691 2874 899 2906 possessionem
915 2874 948 2898 de
962 2874 1096 2898 omnibus
1116 2873 1318 2905 suprascriptis
1338 2873 1430 2903 bonis,
1443 2873 1553 2906 Juribus
1568 2875 1595 2897 et
1609 2874 1840 2905 possessionibus
1860 2874 1963 2906 posItis

127 2911 140 2924 “
153 2913 182 2936 in
203 2913 330 2938 confinio
349 2916 376 2938 et
396 2908 544 2939 territorio
564 2915 761 2948 Montisgalde
780 2919 807 2942 et
827 2918 856 2942 in
877 2925 933 2942 rem
954 2920 1080 2943 nostram
1101 2919 1198 2943 animo
1217 2925 1278 2941 earn
1297 2917 1413 2941 tenendi
1433 2919 1461 2941 et
1480 2918 1645 2950 possidendi
1658 2935 1681 2949 ,,.

58 2954 94 2980 60
209 2957 312 2982 Eodem
338 2959 503 2989 millesimo,
529 2959 576 2984 die
602 2962 740 2992 vigesimo
766 2964 848 2986 sexto
874 2962 947 2987 dicti
975 2963 1088 2993 mensis,
1114 2969 1192 2994 prese
1242 2962 1292 2986 bus
1317 2962 1343 2986 d.
1371 2961 1488 2986 Gnanso
1512 2962 1617 2995 judice,
1642 2961 1762 2987 Cerusio
1789 2963 1904 2987 notario
1930 2964 1964 2987 ab
