2290 3449
317 223 392 257 214
669 220 839 256 GESTA
867 220 1171 256 MAGNIFICA
1199 220 1386 255 DOMUS
1415 221 1802 257 CARRARIENSIS

317 355 395 385 Item,
416 354 491 377 circa
509 360 598 377 unum
618 360 748 384 campum
768 354 795 377 et
814 353 909 377 decem
928 353 1052 383 perticas
1076 353 1105 375 et
1124 352 1274 376 dimidiam
1294 353 1368 375 terre
1387 353 1521 381 aratorie,
1539 354 1662 386 jacentis
1682 355 1711 377 in
1732 353 1828 378 eadem
1849 356 1991 384 contrata,
2009 355 2123 380 coheret
2142 363 2158 379 a

316 399 423 422 duabus
442 398 573 429 partibus
593 397 686 422 dictus
706 397 848 426 dominus,
868 399 896 421 et
914 397 1063 420 laboratur
1087 403 1136 428 per
1155 395 1268 421 Petrum
1294 396 1464 428 gastaldum.
1501 396 1580 428 Item,
1607 398 1683 422 circa
1702 398 1826 430 perticas
1846 399 1954 430 viginti
1976 400 2113 430 quattuor
2130 401 2159 423 et

316 442 466 467 dimidiam
485 443 560 466 terre
579 443 704 466 aratorie
722 444 750 466 et
770 441 903 473 pratalee,
921 441 1042 473 jacentis
1062 447 1145 473 super
1164 441 1265 470 lacum,
1285 441 1397 465 coheret
1410 448 1426 464 a
1443 441 1550 465 duabus
1564 442 1693 473 partibus
1707 442 1801 467 dictus
1815 443 1958 472 dominus,
1971 445 1999 467 et
2011 443 2159 468 laboratur

318 494 367 518 per
386 486 581 510 Benedictum.
620 486 701 515 Item,
720 486 796 510 circa
815 488 872 510 tres
897 491 1012 516 campos
1031 486 1104 508 terre
1129 485 1255 509 aratorie
1273 486 1395 518 Jacentis
1415 486 1444 509 in
1465 485 1533 509 ville
1552 485 1681 519 Mecana,
1700 487 1814 511 coheret
1834 487 1868 511 ab
1889 494 1946 511 una
1966 492 2046 519 parte
2065 487 2159 511 dictus

318 531 462 560 dominus,
487 530 522 554 ab
547 530 607 554 alia
632 531 688 559 via,
707 532 734 554 et
760 530 907 554 laboratur
933 535 982 560 per
1006 528 1162 554 Valerium.
1199 529 1280 558 Item,
1300 530 1376 554 circa
1396 530 1468 553 duos
1488 537 1603 561 campos
1623 531 1695 554 terre
1716 533 1849 562 aratorie,
1869 532 1988 564 jacentis
2011 532 2042 555 in
2060 532 2156 555 eodem

319 575 394 605 loco,
407 575 522 599 coheret
541 582 557 599 a
577 574 683 598 duabus
703 575 832 607 partibus
854 574 949 597 dictus
969 573 1113 603 dominus,
1132 575 1160 598 et
1175 574 1322 598 laboratur
1335 582 1384 607 per
1403 574 1558 605 Iohannem
1578 574 1680 606 Angle.
1717 575 1797 605 Item,
1815 576 1891 600 circa
1903 578 2027 607 quatuor
2046 583 2160 607 campos

319 622 393 644 terre
417 620 552 648 aratorie,
570 619 692 652 Jacentis
713 621 741 642 in
763 619 860 642 eodem
886 618 962 649 loco,
982 617 1095 642 coheret
1122 625 1136 642 a
1156 618 1265 642 duabus
1283 619 1413 652 partibus
1437 619 1529 642 dictus
1551 619 1693 648 dominus,
1712 621 1740 643 et
1759 620 1906 645 laboratur
1931 628 1980 652 per
2004 620 2160 645 Xandrum.

318 664 397 695 Item,
417 671 504 688 unum
524 671 652 695 campum
673 665 700 687 et
721 663 790 687 duas
809 663 932 694 perticas
951 664 979 686 et
999 662 1111 686 tabulas
1132 663 1321 695 quadraginta
1334 665 1400 687 octo
1415 664 1488 687 terre
1507 664 1642 693 aratorie,
1655 664 1776 696 jacentis
1789 665 1866 696 apud
1879 665 2027 697 VignaleSâ€š
2048 665 2161 689 coheret

319 709 352 732 ab
372 715 428 732 una
447 710 527 740 parte
541 709 596 739 via,
612 708 645 732 ab
659 708 728 732 aliis
743 707 818 732 idem
832 707 972 735 dominuS,
987 708 1014 730 et
1027 707 1175 731 laboratur
1188 715 1238 739 per
1251 708 1391 740 Aprilem.
1422 708 1502 736 Item,
1515 708 1591 732 circa
1605 708 1728 732 medium
1742 716 1872 740 campum
1885 711 1912 733 et
1925 709 2038 734 tabulas
2051 710 2160 741 viginti

320 754 427 785 septem
447 754 519 776 terre
539 754 663 777 aratorie
683 752 804 785 Jacentis
824 752 854 775 in
875 752 922 775 via
941 750 1123 781 Francofine,
1142 752 1257 776 coheret
1277 753 1311 776 ab
1331 760 1392 783 una,
1407 754 1487 784 parte
1507 753 1555 776 via
1575 753 1714 781 comunis,
1733 753 1769 777 ab
1787 753 1856 777 aliis
1876 754 1951 777 idem
1970 753 2113 782 dominus,
2132 756 2160 778 ct

319 797 464 821 laboratur
484 804 533 830 per
551 797 627 821 filios
645 796 788 829 Pegoioti.
824 796 903 824 Item,
924 796 999 819 circa
1018 797 1074 820 tres
1099 803 1215 828 campos
1235 798 1308 821 terre
1327 797 1451 821 aratorie
1471 798 1499 821 et
1518 798 1643 827 vineate,
1660 797 1782 830 jacentis
1803 796 1877 829 ap'ud
1895 798 1987 829 illam,
2007 798 2120 822 coheret
2146 806 2160 822 a

319 841 426 866 duabus
446 842 575 874 partibus
594 841 686 866 dictus
705 841 850 869 dominus,
868 842 895 864 et
915 840 1064 864 laboratur
1078 847 1128 872 per
1140 841 1295 865 Xandrum.
1333 841 1413 872 Item,
1433 842 1508 865 circa
1521 843 1578 865 tres
1591 841 1753 873 quarterios
1766 843 1840 866 terre
1852 843 1978 866 aratorie
1996 844 2024 866 et
2039 843 2160 870 vineate,

318 888 439 919 J'acentis
459 887 490 911 in
510 887 611 911 braido
631 888 717 916 mato,
737 886 851 910 coheret
871 886 905 909 ab
926 892 982 909 una
1002 887 1081 917 parte
1103 886 1158 914 via,
1177 886 1212 910 ab
1226 886 1284 910 alia
1304 886 1397 911 dictus
1417 887 1560 917 dominus,
1579 888 1606 910 et
1625 887 1772 911 laboratur
1791 894 1840 920 per
1858 887 1973 911 Petrum
1992 888 2160 919 gastaldum.

321 931 401 960 Item,
421 932 496 956 circa
515 939 602 956 unum
623 938 751 963 campum
772 933 799 955 et
818 937 904 954 unam
934 931 1071 962 perticam
1091 932 1119 954 et
1137 931 1252 954 tabulas
1270 931 1379 963 viginti
1405 934 1478 956 terre
1497 932 1623 956 aratorie
1644 933 1672 955 in
1696 931 1866 960 Carmeono,
1886 932 2000 956 coheret
2018 938 2035 955 a
2054 932 2162 964 duabus

320 977 448 1007 partibus
468 977 563 1000 dictus
583 977 725 1003 dominus,
745 977 772 999 et
792 975 942 999 laboratur
962 982 1011 1007 per
1031 973 1210 999 Gervasium.
1247 975 1326 1004 Item,
1346 976 1421 1000 circa
1441 984 1490 1000 sex
1509 978 1632 1008 perticas
1651 978 1679 1001 et
1694 977 1803 1009 viginti
1816 976 1928 1000 tabulas
1941 978 2014 1000 terre
2027 977 2161 1005 aratorie,

322 1021 444 1053 jacentis
464 1022 493 1044 in
517 1021 616 1044 eodem
642 1020 716 1048 loco,
741 1020 774 1044 ab
801 1026 858 1043 una
884 1022 964 1051 parte
991 1020 1046 1050 via,
1073 1019 1106 1043 ab
1134 1019 1191 1042 alia
1217 1019 1310 1044 dictus
1336 1020 1480 1049 dominus,
1505 1022 1533 1045 et
1558 1021 1706 1045 laboratur
1725 1028 1774 1052 per
1796 1020 1955 1045 Mai-tinum
1975 1021 2008 1044 ab
2033 1021 2162 1045 ecclesia.

322 1065 402 1094 Item,
422 1066 496 1089 circa
516 1067 638 1096 quatuor
657 1071 772 1096 campos
791 1065 819 1088 et
839 1065 962 1094 quatuor
976 1063 1099 1095 perticas
1120 1065 1193 1087 terre
1212 1066 1346 1093 aratorie,
1365 1065 1486 1097 iacentis
1500 1066 1529 1089 in
1549 1066 1646 1089 eodem
1660 1065 1736 1095 loco,
1751 1065 1864 1089 coheret
1877 1072 1892 1089 a
1907 1065 2014 1089 duabus
2033 1065 2162 1097 partibus

323 1110 418 1134 dictus
432 1110 581 1138 dominus,
601 1111 629 1133 et
649 1109 795 1133 laboratur
815 1116 864 1140 per
883 1116 946 1132 eum
965 1109 1123 1132 dominum.
1160 1107 1240 1137 Item,
1259 1110 1334 1134 circa
1354 1117 1441 1133 unum
1468 1117 1598 1142 campum
1621 1113 1649 1134 et
1675 1110 1744 1134 duas
1764 1111 1887 1143 perticas
1907 1111 1980 1134 terre
2000 1111 2081 1142 vigre
2100 1117 2162 1134 cum

321 1155 466 1183 salicibus,
484 1155 605 1188 J'acentis
626 1155 655 1178 in
675 1154 774 1178 eodem
794 1153 867 1181 loco,
888 1154 1002 1178 coheret
1021 1153 1054 1176 ab
1073 1160 1130 1176 una
1151 1155 1230 1184 parte
1251 1155 1307 1184 via,
1327 1154 1360 1178 ab
1379 1154 1438 1178 alia
1458 1155 1531 1179 idem
1552 1155 1693 1185 dominus,
1713 1157 1741 1179 et
1759 1155 1908 1179 laboratur
1921 1161 1971 1188 per
1989 1162 2052 1179 eum
2072 1155 2162 1179 domi-

323 1206 400 1223 num.
438 1198 516 1228 Item,
537 1200 611 1223 circa
631 1200 737 1230 septem
758 1205 873 1229 campos
893 1199 921 1222 et
934 1197 1059 1229 perticas
1072 1197 1223 1221 tresdecim
1243 1199 1316 1222 terre
1331 1200 1463 1227 aratorie,
1475 1200 1596 1232 jacentis
1616 1200 1646 1223 in
1666 1199 1821 1230 Porteselo,
1836 1199 1949 1223 coheret
1963 1199 1997 1223 ab
2011 1207 2068 1223 una
2081 1201 2161 1232 parte

320 1243 378 1273 via,
397 1244 430 1267 ab
451 1244 509 1267 alia
529 1243 623 1267 dictus
643 1243 786 1272 dominus,
805 1243 833 1266 et
852 1242 1000 1266 laboratur
1013 1250 1062 1274 per
1082 1241 1279 1273 Campionem.
1316 1243 1394 1274 Item,
1415 1243 1490 1267 circa
1504 1244 1600 1268 decem
1614 1245 1738 1275 perticas
1758 1246 1830 1268 terre
1844 1244 1978 1271 aratorie,
1991 1245 2113 1276 jacentis
2133 1244 2162 1268 in

320 1287 418 1312 eodem
432 1288 507 1318 loco,
525 1287 640 1311 coheret
658 1294 675 1311 a
694 1287 802 1311 duabus
816 1287 944 1319 partibus
965 1287 1058 1310 dictus
1072 1286 1214 1315 dominus,
1234 1288 1262 1311 et
1280 1287 1428 1312 laboratur
1441 1295 1491 1319 per
1510 1288 1669 1312 Martinum
1688 1289 1722 1312 ab
1737 1289 1866 1312 ecclesia.
1890 1287 1969 1316 Item,
1987 1289 2063 1312 circa
2076 1295 2163 1312 unum

322 1339 451 1364 campum
464 1333 492 1356 et
511 1332 634 1365 perticas
654 1331 804 1355 tresdecim
823 1333 896 1355 terre
916 1331 1047 1360 aratorie,
1067 1330 1188 1364 jacent1s
1208 1338 1291 1364 super
1309 1331 1429 1356 Pontem
1450 1332 1594 1361 Caratam,
1613 1333 1728 1356 coheret
1747 1333 1781 1357 ab
1802 1340 1857 1357 una
1875 1335 1955 1365 parte
1975 1333 2032 1364 via,
2051 1333 2085 1356 ab
2105 1333 2164 1357 alia

323 1377 397 1400 idem
424 1377 566 1408 dominus,
593 1379 621 1400 et
640 1376 788 1400 laboratur
813 1383 863 1407 per
887 1375 1043 1400 Xandrum.
1081 1375 1161 1405 Item,
1186 1376 1262 1400 circa
1289 1376 1360 1400 duos
1386 1383 1501 1408 campos
1520 1379 1548 1401 et
1572 1377 1692 1410 perticas
1718 1380 1775 1401 tres
1794 1379 1822 1402 et
1841 1377 1953 1401 tabulas
1975 1377 2163 1409 quadraginta

325 1423 398 1444 terre
417 1421 550 1450 aratorie,
571 1422 691 1445 iacentis
712 1422 741 1444 in
762 1420 853 1444 fundo
874 1418 1045 1449 Carontani,
1065 1421 1179 1444 coheret
1198 1428 1214 1444 a
1233 1420 1339 1445 duabus
1359 1414 1488 1452 partibus
1508 1422 1602 1445 dIctus
1615 1422 1758 1451 domInus,
1778 1424 1806 1446 et
1825 1422 1973 1445 laboratur
1992 1429 2041 1453 per
2060 1421 2163 1445 Iohan-

325 1473 387 1489 nem
407 1465 441 1489 de
461 1465 581 1490 Corneo.
618 1464 699 1494 Item,
714 1466 787 1488 circa
807 1466 930 1496 quatuor
950 1472 1064 1496 campos
1076 1467 1105 1489 et
1119 1465 1272 1489 dimidium
1286 1467 1314 1489 et
1326 1466 1439 1490 tabulas
1458 1466 1551 1490 decem
1566 1468 1639 1490 terre
1653 1466 1784 1495 aratorie,
1797 1467 1918 1498 jacentis
1932 1466 1963 1490 in
1977 1466 2075 1490 eodem
2089 1466 2164 1495 loco,

326 1511 438 1535 coheret
458 1518 472 1534 a
492 1510 599 1534 duabus
619 1510 747 1543 partibus
767 1510 861 1534 dictus
880 1510 1023 1539 dominus,
1041 1512 1069 1534 et
1088 1510 1236 1534 laboratur
1254 1517 1303 1542 per
1322 1509 1479 1535 Gerardum
1497 1510 1646 1535 Persende.
1682 1511 1762 1541 Item,
1783 1511 1859 1535 circa
1878 1518 1965 1535 unum
1989 1518 2119 1542 campum
2138 1513 2166 1535 et

323 1558 380 1580 tres
398 1556 520 1588 perticas
540 1556 568 1579 et
586 1555 698 1579 tabulas
718 1555 841 1586 triginta
861 1556 929 1578 octo
949 1556 1022 1578 terre
1041 1555 1176 1586 pratalee,
1195 1555 1317 1587 jacentis
1336 1555 1366 1578 in
1385 1555 1483 1579 eodem
1502 1555 1577 1585 loco,
1591 1555 1706 1579 coheret
1725 1562 1741 1579 a
1761 1562 1776 1579 a
1795 1555 1903 1579 duabus
1923 1555 2052 1587 partibus
2071 1555 2165 1579 dictus

325 1600 467 1630 dominus,
487 1602 514 1624 et
534 1600 680 1624 laboratur
700 1607 748 1631 per
761 1599 901 1631 Joannem
922 1599 956 1623 de
976 1598 1099 1623 Corneo.
1137 1599 1216 1628 Item,
1235 1600 1311 1623 circa
1336 1601 1458 1631 quatuor
1482 1607 1596 1632 campos
1621 1602 1649 1624 et
1675 1601 1797 1631 perticas
1817 1607 1920 1623 novem
1938 1601 2012 1623 terre
2031 1600 2164 1631 aratorie,

325 1645 446 1678 jacentis
470 1646 500 1668 in
519 1644 675 1676 ArceriniSâ€š
697 1644 811 1668 coheret
831 1644 864 1667 ab
885 1651 941 1668 una
961 1646 1041 1675 parte
1061 1644 1118 1674 via,
1140 1644 1174 1668 ab
1194 1644 1260 1668 aliis
1280 1644 1355 1668 idem
1375 1645 1518 1674 dominus,
1538 1646 1565 1668 et
1583 1645 1731 1668 laboratur
1750 1651 1798 1677 per
1807 1644 1967 1676 Johannem
1986 1646 2015 1668 et
2027 1644 2172 1669 Ametum.

323 1690 405 1721 Item,
427 1691 499 1714 circa
526 1689 599 1713 duos
625 1696 740 1721 campos
760 1691 787 1712 et
807 1689 930 1721 perticas
950 1689 1076 1720 quinque
1095 1690 1168 1712 terre
1189 1689 1302 1713 vineate
1327 1691 1355 1713 et
1374 1689 1541 1717 clausurate,
1565 1689 1687 1722 J'acentis
1712 1689 1743 1713 in
1769 1688 1870 1712 braido
1892 1696 1978 1718 novo,
2000 1688 2112 1713 coheret
2130 1688 2166 1713 ab

324 1741 381 1758 una
399 1736 479 1766 parte
499 1735 555 1762 via,
575 1735 609 1758 ab
630 1733 688 1758 alia
708 1734 783 1758 idem
803 1734 944 1764 dominus,
964 1735 991 1757 et
1011 1733 1159 1757 laboratur
1178 1741 1228 1766 per
1246 1732 1419 1758 Paduanum.
1456 1733 1536 1764 Item,
1557 1734 1631 1758 circa
1651 1741 1766 1766 campos
1781 1735 1887 1766 septem
1906 1735 1934 1757 et
1952 1733 2076 1765 perticas
2094 1733 2166 1757 duo-

323 1779 416 1803 decim
440 1780 468 1803 et
494 1779 645 1803 dimidiam
671 1780 744 1802 terre
770 1778 907 1809 arator-ie,
931 1779 1056 1811 jacentis
1081 1785 1167 1810 penes
1193 1778 1283 1809 illam,
1309 1778 1422 1803 coheret
1439 1779 1474 1803 ab
1494 1786 1549 1803 una
1569 1780 1650 1810 parte
1670 1779 1726 1807 via,
1746 1779 1779 1802 ab
1800 1778 1857 1802 alia
1882 1778 1955 1801 idem
1976 1777 2120 1808 dominus,
2139 1779 2167 1802 et

326 1824 472 1848 laboratur
490 1830 540 1855 per
553 1823 729 1847 Paduanum.
754 1823 833 1851 Item,
848 1823 923 1846 circa
937 1830 1023 1846 unum
1038 1830 1166 1855 campum
1180 1824 1208 1846 et
1221 1829 1306 1846 unam
1319 1824 1456 1854 perticam
1468 1824 1497 1847 et
1510 1823 1673 1854 quindecim
1689 1823 1800 1847 tabulas
1813 1824 1885 1846 terre
1899 1823 2034 1852 aratorie,
2045 1823 2167 1855 jacentis

328 1870 358 1893 in
379 1868 536 1900 Arc-erinisâ·
555 1868 590 1892 ab
610 1875 665 1892 una
685 1869 764 1900 parte
784 1869 841 1897 via,
861 1868 894 1891 ab
915 1867 971 1891 alia
993 1867 1066 1891 idem
1092 1867 1234 1896 dominus,
1253 1868 1281 1892 et
1299 1867 1448 1892 laboratur
1467 1875 1516 1899 per
1536 1867 1711 1891 Paduanum.
1746 1866 1827 1895 Item,
1847 1867 1923 1891 circa
1942 1873 2057 1899 campos
2070 1867 2165 1891 decem

327 1915 355 1937 et
375 1914 479 1946 septem
499 1914 572 1937 terre
591 1913 726 1941 aratorIe,
745 1913 866 1944 iacentis
888 1913 917 1935 in
938 1911 1107 1944 Cigognari,
1128 1912 1161 1935 ab
1187 1919 1243 1941 una
1263 1913 1343 1944 parte
1363 1913 1419 1941 via,
1441 1912 1474 1936 ab
1495 1912 1552 1936 alia
1574 1912 1647 1935 idem
1667 1911 1810 1941 dominus,
1823 1914 1851 1935 et
1871 1912 2018 1935 laboratur
2037 1919 2086 1943 per
2105 1919 2168 1936 eum

326 1959 482 1982 dominum.
519 1958 599 1985 Item,
621 1957 696 1981 circa
715 1959 837 1988 quatuor
856 1963 971 1989 campos
991 1958 1019 1981 et
1039 1958 1161 1989 perticas
1182 1964 1284 1981 novem
1304 1958 1377 1981 terre
1397 1958 1529 1985 aratorie,
1549 1957 1672 1989 jacentis
1685 1957 1714 1980 ln
1730 1957 1809 1980 dicto
1831 1957 1940 1987 braido,
1960 1957 1995 1980 ab
2014 1963 2071 1980 una
2090 1958 2170 1988 parte

328 2003 382 2033 via,
401 2003 436 2026 ab
456 2002 514 2026 alia
533 2002 608 2026 idem
628 2002 771 2032 dominus,
790 2002 818 2025 et
837 2001 984 2026 laboratur
998 2008 1047 2034 per
1060 2001 1230 2025 Salvadeum
1250 2003 1278 2025 et
1296 2001 1438 2025 Ametum.
1475 2001 1554 2030 Item,
1575 2002 1650 2025 circa
1664 2008 1778 2032 campos
1792 2001 1916 2032 qulnque
1935 2003 1963 2025 et
1982 2001 2105 2032 perticas
2123 1998 2169 2015 â€â¸

328 2049 402 2071 terre
422 2047 554 2075 aratorie,
574 2046 694 2080 J'acentis
715 2046 745 2070 in
765 2045 867 2070 braido
887 2053 975 2074 Î·Î¿Î½Î¿,
995 2046 1109 2070 coheret
1129 2047 1163 2070 ab
1184 2053 1240 2070 una
1260 2048 1340 2078 parte
1359 2046 1416 2075 via,
1436 2046 1469 2070 ab
1490 2046 1548 2070 alia
1567 2045 1642 2069 idem
1663 2045 1806 2075 dominus,
1826 2047 1855 2069 et
1874 2046 2022 2069 laboratur
2039 2052 2090 2077 per
2108 2044 2168 2070 Sal-

327 2091 448 2116 vadeum
473 2092 500 2115 et
525 2091 667 2115 Ametum.
704 2091 783 2119 Item,
803 2091 876 2114 circa
902 2091 973 2115 duos
998 2097 1115 2122 campos
1135 2093 1162 2115 et
1185 2091 1339 2115 dimidium
1364 2093 1438 2114 terre
1463 2090 1587 2114 aratorie
1606 2092 1634 2113 et
1654 2090 1778 2121 perticas
1798 2097 1854 2121 sex,
1873 2090 1995 2123 jacentis
2015 2091 2044 2114 in
2064 2089 2166 2114 braido

328 2144 414 2165 novo,
434 2136 547 2160 coheret
566 2136 600 2160 ab
620 2143 676 2159 una
703 2137 783 2167 parte
809 2135 865 2165 via,
891 2135 924 2159 ab
946 2135 1003 2159 alia
1023 2136 1096 2159 idem
1123 2135 1265 2164 dominus,
1284 2137 1313 2160 et
1331 2136 1478 2159 laboratur
1497 2142 1547 2166 per
1567 2134 1724 2159 Gerardum
1750 2133 1897 2159 Persende.
1933 2135 2013 2164 Item,
2033 2135 2170 2161 medietas

328 2182 438 2211 buschi,
457 2182 504 2213 qui
526 2181 633 2205 dicitur
651 2181 774 2206 buschus
794 2181 828 2204 de
848 2180 940 2211 Bisso,
960 2187 1056 2204 versus
1076 2181 1177 2204 villam
1191 2180 1217 2206 S.
1237 2180 1306 2206 Siri.
1341 2180 1422 2208 Item,
1441 2181 1516 2204 circa
1536 2181 1657 2211 quatuor
1676 2180 1798 2211 perticas
1817 2183 1845 2204 et
1859 2180 1951 2204 decem
1965 2180 2077 2205 tabulas
2096 2182 2169 2206 terre

328 2226 451 2254 vineate,
470 2227 592 2259 jacentis
612 2225 695 2249 iuxta
714 2226 791 2248 viam
812 2224 982 2257 CigognarI,
1001 2225 1115 2249 coheret
1135 2225 1168 2249 ab
1188 2233 1243 2249 una
1262 2226 1342 2256 parte
1362 2226 1417 2253 via,
1437 2225 1471 2248 ab
1491 2224 1547 2248 alia
1561 2219 1798 2251 idem'dominus.
1817 2225 1844 2248 et
1862 2224 2010 2248 laboratur
2029 2232 2078 2257 per
2097 2224 2170 2250 Coa-

329 2272 425 2294 tesam.
462 2270 541 2298 Item,
561 2271 636 2294 circa
656 2277 743 2294 unum
763 2277 891 2301 campum
912 2271 940 2293 et
959 2269 1054 2293 decem
1080 2269 1192 2293 tabulas
1218 2271 1291 2294 terre
1316 2270 1437 2299 vineate,
1463 2269 1584 2302 jacentis
1603 2276 1689 2301 penes
1714 2269 1803 2297 illam,
1824 2269 1937 2293 coheret
1959 2269 1993 2293 ab
2013 2277 2070 2294 una
2088 2272 2169 2302 parte

329 2316 386 2343 via,
405 2315 439 2338 ab
459 2314 517 2339 alia
536 2314 612 2338 idem
632 2314 774 2343 dominus,
794 2316 821 2337 et
841 2313 990 2338 laboratur
1009 2321 1058 2346 per
1077 2313 1233 2338 Gerar-dum
1255 2313 1402 2338 Persende.
1440 2313 1519 2342 Item,
1539 2313 1616 2337 circa
1629 2320 1715 2337 unum
1730 2320 1857 2345 campum
1879 2314 1907 2337 et
1919 2313 2032 2338 tabulas
2050 2314 2168 2345 quadra-

328 2361 409 2391 ginta
428 2359 555 2391 qulnque
573 2360 646 2383 terre
666 2360 790 2388 vineate,
808 2359 930 2391 jacentis
949 2359 980 2382 in
1005 2358 1105 2382 eodem
1126 2359 1199 2389 loco,
1219 2358 1254 2382 ab
1272 2366 1329 2382 una
1348 2360 1427 2390 parte
1447 2358 1502 2386 via,
1523 2358 1557 2382 ab
1577 2358 1635 2382 alia
1655 2358 1729 2382 idem
1750 2358 1892 2388 dominus,
1913 2360 1941 2382 et
1957 2358 2104 2383 laboratur
2120 2366 2170 2391 per

330 2404 507 2428 Mennesium
527 2406 555 2428 et
575 2404 700 2428 fratrem.
737 2404 817 2434 Item,
838 2404 912 2427 circa
932 2405 1054 2435 perticas
1074 2404 1166 2427 decem
1187 2405 1214 2427 et
1235 2411 1336 2427 novem
1357 2405 1430 2427 terre
1445 2404 1567 2432 vineate,
1581 2402 1703 2435 jacentis
1722 2403 1751 2426 in
1766 2403 1864 2426 eodem
1878 2402 1952 2433 loco,
1971 2403 2006 2427 ab
2018 2411 2076 2428 una
2090 2405 2171 2436 parte

331 2449 386 2479 via,
408 2448 442 2472 ab
462 2448 519 2471 alia
539 2448 613 2471 idem
635 2448 778 2476 dominus,
802 2449 830 2471 et
856 2447 1004 2471 laboratur
1031 2454 1080 2480 per
1109 2447 1293 2471 Albertinum
1321 2448 1349 2471 et
1376 2446 1546 2470 Braxillum.
1582 2444 1663 2474 Item,
1689 2446 1741 2470 illa
1761 2453 1825 2478 pars
1846 2447 1915 2471 vitis
1941 2447 2094 2476 donicalis,
2118 2454 2171 2479 que

329 2494 371 2516 est
392 2500 488 2516 versus
507 2493 655 2516 Milloram
677 2492 770 2516 eundo
790 2494 864 2516 recte
885 2499 934 2523 per
953 2492 1096 2516 tramitem
1118 2499 1206 2524 usque
1226 2491 1260 2516 ad
1282 2492 1430 2520 fossatum,
1456 2490 1530 2522 quod
1555 2493 1597 2514 est
1617 2498 1666 2522 per
1685 2492 1797 2522 portam
1822 2491 1958 2522 clausuro,
1979 2491 2172 2524 intelligendo

330 2537 412 2561 illum
432 2538 574 2561 tramitem
594 2544 653 2561 esse
673 2544 821 2561 comunem
842 2537 868 2561 d.
887 2536 1001 2561 Marsili
1020 2539 1048 2561 et
1068 2536 1093 2560 d.
1115 2537 1269 2561 Bonifacii,
1306 2536 1385 2566 Item,
1405 2536 1481 2560 circa
1501 2543 1586 2560 unum
1608 2543 1737 2567 campum
1756 2538 1784 2560 et
1804 2536 1935 2560 undecim
1955 2537 2079 2568 perticas
2097 2538 2170 2561 terre

330 2584 463 2611 aratorie,
481 2582 604 2615 jacentis
623 2582 671 2606 ubi
691 2582 798 2606 dicitur
818 2582 947 2606 braidum
968 2582 1143 2612 CasteHarii,
1165 2582 1278 2606 coheret
1297 2582 1330 2606 ab
1350 2588 1406 2605 una
1425 2583 1504 2612 parte
1524 2582 1579 2611 via,
1595 2581 1628 2604 ab
1642 2581 1709 2605 aliis
1723 2580 1797 2605 idem
1818 2581 1961 2611 dominus,
1979 2583 2008 2606 et
2027 2581 2174 2606 laboratur

331 2634 379 2659 per
397 2626 589 2658 Rustigellum
609 2628 636 2650 et
655 2626 793 2658 quosdam
813 2627 887 2650 alios
907 2627 941 2650 de
961 2626 1137 2659 Burgosorti.
1173 2626 1253 2655 Item,
1271 2626 1348 2650 circa
1361 2628 1427 2649 octo
1442 2633 1556 2658 campos
1571 2627 1643 2649 terre
1657 2627 1780 2649 aratorie
1799 2628 1827 2649 et
1846 2627 1936 2657 vigre,
1954 2625 2077 2658 jacentis
2090 2632 2173 2658 super

331 2671 506 2702 Busnellum,
525 2671 638 2695 coheret
658 2671 692 2695 ab
706 2679 762 2695 una
776 2673 856 2703 parte
871 2672 926 2700 via,
940 2671 974 2695 ab
988 2672 1046 2696 alia
1062 2671 1136 2695 idem
1155 2671 1296 2702 dominus,
1312 2673 1339 2695 et
1353 2670 1501 2694 laboratur
1515 2678 1563 2703 per
1576 2669 1714 2694 Fulchum
1729 2672 1756 2694 et
1776 2669 1974 2703 campionem.
2004 2669 2084 2698 Item,
2099 2671 2173 2694 circa

333 2723 446 2748 campos
466 2717 589 2748 triginta
610 2717 713 2748 septem
735 2718 762 2740 et
783 2716 934 2740 dimidium
954 2718 1028 2740 terre
1047 2717 1172 2741 aratorie
1191 2718 1219 2740 et
1238 2722 1321 2740 unam
1341 2716 1488 2746 perticam,
1513 2722 1565 2745 que.
1585 2714 1693 2738 dicitur
1712 2715 1840 2738 braidun]
1860 2714 1992 2743 Planure,
2006 2714 2118 2739 coheret
2137 2715 2172 2739 ab

332 2769 389 2785 una
409 2762 488 2792 parte
508 2762 565 2791 via,
585 2761 618 2784 ab
637 2761 697 2784 alia
716 2761 791 2785 idem
810 2761 954 2791 dominus,
975 2761 1003 2784 et
1022 2761 1170 2785 laboratur
1189 2767 1238 2793 per
1257 2760 1393 2791 quosdam
1414 2759 1447 2783 de
1469 2759 1647 2790 Burgoforti,
1671 2760 1764 2783 silicet
1783 2758 1984 2791 Rustigeilumv
2010 2758 2172 2787 Falconem.

331 2808 360 2830 et
378 2806 462 2831 alios.
499 2806 579 2835 Item,
600 2807 677 2829 circa
697 2813 811 2837 campos
826 2806 956 2830 undecim
976 2807 1049 2830 terre
1062 2805 1196 2837 pratalee,
1209 2806 1331 2838 jacentis
1344 2804 1374 2828 in
1389 2804 1485 2828 codem
1508 2804 1616 2834 braido,
1631 2804 1804 2835 computatis
1818 2803 1992 2833 tramitibus,
2005 2803 2120 2828 coheret
2138 2804 2172 2828 ab

330 2857 386 2874 una
407 2852 486 2882 parte
502 2851 557 2880 via,
576 2850 610 2873 ab
631 2850 689 2874 alia
710 2849 784 2874 idem
804 2849 947 2879 dominus,
967 2852 995 2874 et
1015 2850 1162 2875 laboratur
1181 2856 1228 2882 per
1248 2849 1399 2882 predictos.
1424 2848 1502 2879 Item,
1525 2850 1598 2872 circa
1613 2849 1735 2880 perticas
1748 2849 1873 2880 quinque
1886 2849 1914 2872 et
1928 2847 2078 2872 dimidiam
2099 2850 2172 2872 terre

330 2894 464 2927 pratalee,
482 2895 602 2927 jacentis
623 2895 652 2918 in
673 2896 766 2926 capite
784 2894 880 2918 braidi
900 2895 933 2918 de
952 2894 1058 2919 Sancto
1072 2894 1142 2919 Vito
1153 2895 1234 2927 Juxta
1248 2892 1442 2925 Sedeglanam,
1457 2893 1570 2916 coheret
1589 2893 1622 2916 ab
1643 2900 1698 2917 una
1711 2894 1791 2925 parte
1806 2893 1862 2922 via,
1875 2892 1910 2917 ab
1925 2892 1980 2916 alia
2000 2892 2077 2916 dicta
2091 2891 2171 2916 Sedeâ€”

329 2939 423 2971 glana,
444 2940 470 2963 et
497 2939 644 2963 laboratur
670 2946 719 2971 per
744 2939 908 2963 Fuiconem.
945 2939 1026 2968 Item,
1049 2939 1126 2963 circa
1151 2945 1266 2970 campos
1291 2937 1482 2969 quadraginta
1507 2939 1613 2968 septem
1633 2939 1660 2961 ct
1684 2938 1806 2968 perticas
1832 2936 1981 2961 duodecim
2007 2938 2035 2960 et
2060 2936 2170 2961 tabulas

330 2984 435 3015 viginti
457 2990 505 3007 sex
526 2985 599 3007 terre
616 2984 751 3014 aratorio,
765 2990 817 3015 que
837 2983 942 3007 dicitur
962 2983 1092 3008 braidum
1111 2982 1137 3007 S.
1159 2982 1229 3012 Viti,
1243 2982 1358 3006 coheret
1373 2982 1405 3006 ab
1427 2988 1482 3005 una
1497 2984 1575 3013 parte
1590 2982 1645 3012 vla,
1659 2982 1694 3006 ab
1707 2982 1766 3006 alia
1780 2981 1874 3006 dictus
1889 2981 2031 3012 dominus,
2052 2982 2079 3005 et
2094 2981 2171 3005 labo-

2193 751 2226 778 10

2191 1196 2228 1223 20

2193 1419 2229 1445 25

2208 1641 2245 1669 30

2196 1863 2231 1891 35

2197 2087 2233 2114 40

2199 2313 2233 2340 45

2201 2534 2236 2562 50

2204 2757 2237 2784 55

2201 2979 2237 3006 60
