2290 3449
337 366 372 397 in
397 367 431 398 lo
455 367 594 408 povolo,
617 366 773 409 digando
789 368 854 398 che
871 367 929 399 elli
948 377 1007 399 era
1025 367 1068 398 de
1092 377 1243 410 greveca

337 419 405 451 alla
431 419 662 458 comunitade‚
694 419 813 461 pesco,
846 420 1019 452 chiamadi
1048 420 1165 462 alguni
1197 420 1241 451 de

336 483 396 504 soa
421 472 629 515 compagnia
655 473 689 504 di
713 473 775 514 piu
807 472 915 505 nobili
946 480 981 506 et
1011 474 1124 505 maori
1149 473 1242 505 della

337 531 439 562 terra,
463 536 499 557 se
517 525 666 568 despose
683 524 727 557 de
744 527 842 557 voler
858 527 1070 558 contrariare
1088 526 1141 558 ale
1159 537 1242 559 ovre

705 230 879 270 GESTA
906 235 1207 271 MAGNIFICA
1235 231 1421 271 DOMUS
1450 235 1840 274 CARRARIENSIS

1296 367 1426 409 gnifico
1451 374 1486 399 et
1516 368 1642 400 audaci
1666 369 1817 402 Nicolao
1842 371 1885 402 de
1911 371 2084 411 Carraria,
2114 382 2192 404 cum

1296 419 1470 462 ignobiles
1486 421 1653 462 quosdam
1678 422 1771 454 cives
1794 424 1921 465 patavi,
1946 425 2005 467 qui
2033 435 2069 455 se
2085 425 2194 466 partis

1295 472 1415 515 guelfe
1433 473 1666 515 appellabant,
1688 474 1724 505 in
1748 486 1782 507 se
1807 477 2026 520 magistratus
2050 484 2194 509 cunctos

1296 532 1330 557 et
1362 525 1437 557 iura
1474 526 1629 558 comunis
1664 526 1782 559 Padue
1819 536 2075 570 converterent,
2109 541 2193 573 egre

337 579 380 609 de
412 584 561 611 costoro.
611 579 731 610 Havea
770 590 873 611 nome
914 579 1007 612 l'uno
1044 579 1088 612 de
1128 580 1241 622 questi
1295 581 1362 611 hoc
1386 580 1550 620 ferentes,
1576 586 1611 611 et
1634 580 1802 621 precipue
1820 583 1913 623 quod
1934 584 1997 625 ipsi
2022 583 2194 627 ignobiles
2223 583 2239 614 5

338 631 495 672 povolari
520 631 623 664 Piero
649 631 691 663 de
715 631 876 670 Alticlin,
902 633 933 664 el
952 632 1054 674 quale
1070 633 1183 664 havea
1198 632 1240 663 tri
1296 632 1339 664 de
1364 632 1450 674 ipsis
1481 632 1514 663 in
1547 632 1667 664 abdito
1692 632 1978 675 obloquebantur,
2011 643 2045 669 et
2077 647 2135 669 eos
2158 637 2194 669 in

344 684 463 727 figloli,
487 695 553 722 ma,
577 695 677 717 como
702 686 848 717 havesse
872 696 975 717 nome
1001 686 1032 717 el
1055 686 1167 727 primo
1199 685 1242 717 de
1295 677 1417 728 vulgus
1454 685 1687 723 detestabant,
1717 696 1843 728 graves
1873 688 2066 729 reipublice
2101 691 2195 732 ipsos

338 737 460 780 questi,
484 738 520 770 io
544 748 614 770 non
637 745 747 770 trovo.
795 739 863 770 Pur
889 739 957 770 ello
986 739 1097 771 havea
1121 739 1242 780 acqui·
1296 737 1618 783 forepredicantes,
1632 748 1674 770 ex
1688 738 1920 781 insignoribus
1933 740 2083 774 civitatis
2099 744 2194 775 iuve-

340 789 437 821 stado
463 801 508 821 un
532 791 698 832 priorado
730 801 794 832 per
824 791 983 828 simonia,
1015 797 1049 823 et
1079 791 1185 833 pereo
1208 791 1240 822 ie
1294 791 1394 823 nibus
1410 792 1462 823 sui
1481 793 1651 824 consortis
1676 803 1777 834 quam
1794 792 1953 833 pluribus
1971 795 2102 834 accitis,
2118 797 2194 829 fac-

337 844 454 886 vignia
486 845 575 876 ditto
609 846 738 886 priore.
785 845 828 876 El
861 846 1018 888 segondo
1053 846 1170 888 figlolo
1204 856 1240 877 se
1294 845 1444 876 tionibus
1468 847 1590 876 horum
1614 844 1822 887 ignobilium
1847 845 1984 878 obstare
2008 849 2193 881 constitue·
2226 848 2264 879 10

340 897 522 929 01113313ν3
539 898 668 935 Fraxa3
687 898 718 929 el
735 904 830 940 terco
848 899 946 930 Pase.
978 899 1023 930 Et
1039 909 1098 930 era
1114 899 1241 940 cudese
1295 904 1384 931 runt.
1414 897 1570 935 Quorum
1587 904 1699 930 autem
1717 898 1921 941 ignobilium
1937 899 2027 931 alter
2041 900 2194 933 nomina-

339 950 371 981 el
407 951 494 982 ditto
525 951 630 983 Piero
663 952 696 983 di
728 951 885 989 Alticlin,
914 951 1016 982 homo
1049 962 1113 993 per
1138 962 1241 983 usura
1295 953 1392 984 batur
1417 953 1537 983 Petrus
1562 952 1605 983 de
1637 951 1833 983 Alticlinio.
1888 952 1978 983 Huic
2002 958 2072 984 tres
2097 960 2194 986 erant

338 1004 532 1036 richissimo
558 1005 600 1036 de
625 1005 732 1036 molta
759 1004 856 1040 roba,
891 1004 918 1035 51
943 1005 1009 1036 0110
1034 1015 1096 1046 per
1119 1010 1241 1047 questo
1295 1006 1364 1043 filii,
1397 1015 1540 1047 quorum
1574 1005 1674 1047 primi
1699 1015 1825 1036 nomen
1850 1015 1919 1036 non
1946 1006 2098 1047 invenio,
2122 1005 2194 1042 sed,

339 1056 406 1088 ello
431 1057 543 1089 havea
567 1058 747 1089 maridade
773 1058 806 1088 le
837 1057 953 1099 figlole
986 1057 1020 1088 in
1044 1058 1077 1089 le
1101 1068 1180 1089 case
1205 1058 1241 1089 di
1295 1060 1541 1101 quodcumque
1565 1059 1666 1097 foret,
1683 1057 1871 1099 prioratum
1895 1059 2069 1101 quendam
2093 1059 2196 1091 simo-

338 1110 459 1151 gentili
484 1110 616 1142 homini
641 1111 684 1142 de
702 1109 807 1141 Pava.
842 1109 887 1141 Et
903 1120 1009 1141 erano
1027 1111 1054 1141 si
1071 1110 1241 1142 sceleradi
1295 1112 1353 1142 nia
1384 1112 1450 1143 iam
1474 1117 1549 1143 erat
1573 1113 1730 1153 adeptus,
1762 1112 1844 1143 ideo
1876 1112 1973 1153 prior
2000 1112 2194 1145 dicebatur.
2227 1111 2264 1142 15

338 1163 348 1193 i
373 1164 552 1195 sovraditti
575 1164 625 1195 soi
652 1163 772 1205 figloli,
797 1163 874 1201 che,
900 1169 1028 1206 quanto
1053 1163 1064 1194 i
1088 1163 1241 1205 pechadi
1294 1162 1476 1195 Secundus
1493 1164 1580 1195 filius
1603 1164 1727 1200 Fraxa,
1752 1165 1880 1196 tercius
1903 1164 2024 1196 Pasius
2047 1165 2196 1197 vocaba-

339 1227 397 1247 era
414 1217 474 1258 piu
492 1216 635 1254 enormi,
652 1221 747 1248 tanto
771 1216 783 1247 i
806 1226 911 1257 parea
935 1216 995 1257 piu
1018 1216 1116 1248 licito
1141 1228 1160 1247 a
1185 1226 1243 1248 co-
1296 1223 1358 1248 tur.
1406 1217 1472 1248 Hic
1497 1215 1620 1248 Petrus
1637 1217 1680 1248 de
1707 1216 1887 1248 Alticlinio
1914 1217 1966 1249 vir
1985 1224 2060 1249 erat
2083 1218 2195 1250 causi-

339 1269 509 1306 metterie‚
540 1275 573 1300 et
604 1270 770 1300 haveasse
806 1269 963 1300 mettudo
995 1269 1031 1299 in
1067 1269 1241 1300 desiderio
1296 1269 1404 1307 dicus,
1429 1270 1484 1301 cui
1509 1279 1551 1300 ex
1576 1270 1679 1312 longo
1711 1271 1833 1302 fenore
1865 1276 1926 1303 etc.
1962 1271 2098 1312 [Cetera
2127 1272 2193 1312 (ce.

339 1322 472 1364 grande
497 1322 551 1353 far
575 1322 584 1353 i
603 1323 770 1364 putanici,
794 1321 825 1352 le
850 1322 1010 1354 sedicion
1032 1322 1066 1353 in
1086 1322 1120 1353 13
1135 1328 1241 1359 terra,
1295 1322 1410 1362 92-94)
1434 1327 1618 1364 sequuntur
1640 1326 1745 1365 prout
1760 1323 1795 1354 in
1811 1323 1843 1354 A
1860 1324 1925 1364 (cc.
1951 1324 2120 1366 loo-108),
2139 1336 2195 1356 va-

338 1375 349 1406 i
374 1376 540 1413 omicidii,
565 1375 596 1407 10
622 1375 743 1417 rapine
765 1381 800 1407 et
826 1377 855 1407 10
876 1376 1023 1407 tristicie
1041 1376 1159 1418 d’ogni
1183 1386 1242 1418 ge·
1295 1376 1358 1406 riis
1381 1375 1572 1417 lecgt'oaezt'bzcs
1598 1376 1717 1407 ibidem
1742 1377 1916 1418 exaratis}
2222 1377 2265 1407 20

340 1430 514 1461 neracion.
560 1428 606 1461 Et
629 1429 659 1461 el
686 1430 795 1471 padre
820 1431 932 1460 havea
955 1440 1019 1470 per
1043 1429 1175 1461 deletto
1199 1429 1242 1460 de
1261 1429 1396 1461 covrire
1421 1429 1592 1462 imalfatti
1611 1430 1644 1461 di
1662 1430 1769 1472 figloli
1786 1436 1820 1462 et
1843 1431 2033 1472 participat
2049 1441 2115 1463 con
2134 1432 2191 1463 elli

343 1482 379 1513 di
403 1483 577 1525 guadagni
600 1482 792 1514 dehonesti.
840 1483 958 1515 Costui
983 1493 1118 1524 sempr-e
1149 1483 1262 1513 havea
1285 1482 1297 1512 i
1321 1482 1421 1524 primi
1444 1483 1566 1514 honori
1592 1489 1626 1515 et
1649 1483 1760 1514 maori
1784 1483 1887 1515 officii
1911 1484 2004 1516 della
2031 1491 2134 1522 terra,
2159 1491 2193 1516 et

338 1546 400 1576 per
425 1542 548 1578 questo
573 1536 676 1578 piava
701 1536 733 1567 le
759 1536 936 1573 amistade‚
962 1542 996 1568 et
1014 1546 1125 1578 prese,
1142 1536 1168 1567 si
1194 1536 1225 1567 le
1249 1545 1437 1568 acresceva
1460 1546 1527 1567 con
1551 1536 1669 1568 damni
1692 1546 1827 1578 sempre
1852 1537 1932 1568 dela
1955 1537 2148 1577 republica,
2172 1548 2192 1567 a

335 1594 433 1621 tanto
458 1589 573 1631 pocho
605 1590 734 1621 vedere
767 1600 826 1620 era
858 1590 1012 1631 vignudo
1038 1590 1069 1621 la
1093 1589 1267 1621 comunita
1291 1589 1336 1621 de
1359 1589 1465 1627 Pava,
1498 1589 1563 1621 che
1594 1590 1627 1620 la
1659 1590 1820 1620 conferia
1851 1590 1931 1621 tutti
1963 1589 1972 1620 i
2004 1589 2126 1622 honori
2158 1596 2193 1621 et

339 1642 444 1674 officii
468 1642 503 1673 in
527 1642 630 1674 Piero
655 1642 698 1674 de
724 1642 873 1674 Alticlin
899 1649 933 1674 et
965 1643 973 1672 i
1000 1643 1197 1685 compagni,
1222 1642 1352 1684 perche
1377 1641 1437 1674 elli
1462 1653 1498 1674 se
1523 1642 1703 1674 chiamava
1729 1643 1951 1674 deffendeori
1976 1643 2069 1674 della
2091 1648 2190 1685 parte
2215 1643 2256 1674 25

343 1696 474 1738 guelfa.
520 1696 565 1728 Et
589 1695 662 1727 cosi
685 1706 762 1737 per⁴
779 1701 900 1737 questo
926 1695 1039 1727 levadi
1063 1696 1097 1727 in
1128 1695 1288 1738 soperbia
1318 1701 1353 1727 et
1377 1695 1618 1737 desprisiando
1643 1696 1653 1726 1
1678 1695 1760 1727 boni
1785 1696 1937 1734 citadini‚
1961 1696 2060 1738 quasi
2093 1707 2191 1728 como

339 1750 470 1792 signori
493 1749 673 1791 desponea
699 1750 741 1781 de
765 1755 851 1781 tutte
876 1749 908 1780 le
933 1750 1078 1782 visende
1103 1750 1146 1782 de
1171 1748 1266 1781 Pava
1290 1760 1309 1780 a
1332 1759 1391 1781 soa
1415 1749 1615 1787 volontade‚
1640 1755 1674 1781 et
1697 1759 1732 1781 se
1757 1749 1856 1781 nisun
1880 1749 2010 1781 meiore
2036 1748 2190 1781 citadino

342 1804 489 1834 havesse
507 1804 593 1835 ditto
611 1809 734 1835 contra
759 1810 908 1840 costoro,
933 1803 963 1835 el
982 1814 1020 1835 so
1038 1803 1113 1835 dire
1138 1814 1183 1835 no
1200 1803 1327 1845 vegnia
1349 1802 1505 1835 mettudo
1530 1803 1565 1834 in
1590 1813 1684 1834 ovra.
1730 1802 1834 1834 Unde
1857 1803 1973 1845 alguni
1998 1803 2081 1835 boni
2106 1803 2191 1835 cita-

341 1857 424 1893 dini‚
448 1856 524 1888 tolti
549 1856 647 1898 quasi
670 1866 772 1888 como
796 1857 942 1898 sospetti
958 1856 991 1888 al
1018 1857 1082 1888 ben
1100 1856 1192 1888 della
1209 1856 1441 1895 comunstade,
1457 1867 1520 1897 per
1537 1862 1658 1898 questo
1682 1865 1719 1887 se
1736 1857 1886 1888 daseano
1910 1867 1929 1887 a
1946 1862 2055 1888 starse
2072 1856 2190 1894 ociosi,

342 1909 503 1940 lassando
526 1914 597 1940 star
621 1909 632 1939 i
657 1909 738 1941 fatti
762 1910 855 1941 della
878 1915 981 1941 terra.
1028 1910 1150 1941 Havea
1174 1915 1295 1951 questo
1319 1909 1424 1940 Piero
1441 1909 1484 1940 de
1502 1908 1645 1940 Alticlin
1670 1920 1690 1940 a
1713 1916 1836 1950 queste
1859 1909 2012 1941 facende
2036 1920 2083 1940 un
2099 1919 2193 1941 com·
2213 1909 2257 1941 30

342 1973 469 2005 pagno,
494 1963 678 1994 chiamado
702 1963 854 1995 Roncho
879 1964 922 1994 de
940 1962 1128 2006 Agolante,
1146 1963 1250 1994 homo
1267 1973 1311 1995 no
1336 1962 1524 1994 solamente
1548 1963 1725 2003 povolare,
1742 1973 1797 1993 ma
1813 1962 1988 2001 bastando,
2004 1969 2191 2006 arrogante

344 2021 378 2047 et
395 2015 627 2057 importabile,
644 2016 745 2048 homo
762 2016 935 2048 straricho
953 2015 997 2047 de
1013 2026 1116 2047 usure
1141 2016 1197 2047 del
1213 2026 1308 2057 pare,
1333 2015 1365 2047 el
1390 2014 1502 2057 quale,
1520 2015 1629 2046 havea
1646 2015 1725 2057 quel
1743 2015 1941 2047 medesemo
1964 2026 2100 2054 anemo,
2124 2016 2190 2047 che

341 2079 429 2101 avea
453 2070 485 2100 el
509 2069 746 2111 sovrascripto
771 2069 874 2101 Piero
899 2069 943 2101 de
969 2069 1128 2106 Alticlin,
1153 2075 1187 2101 et
1211 2068 1281 2100 cosi
1304 2069 1316 2100 i
1340 2068 1410 2100 fioli
1437 2068 1551 2100 cativi.
1598 2068 1639 2099 El
1664 2068 1776 2109 primo
1800 2069 1911 2099 havea
1936 2079 2037 2100 nome
2061 2068 2190 2111 Verco,

344 2133 476 2164 covene
501 2122 605 2154 molto
630 2123 734 2159 forte,
751 2128 784 2154 et
808 2123 926 2164 pereo,
953 2123 1132 2154 fidandose
1158 2123 1236 2154 dele
1261 2131 1321 2154 soe
1345 2122 1441 2162 forea
1467 2128 1500 2153 et
1516 2121 1611 2158 roba,
1630 2121 1845 2163 desprisiava
1870 2121 1900 2153 le
1918 2121 2110 2154 nobilitade
2134 2122 2190 2153 dei

345 2175 452 2207 omini
475 2175 646 2218 magnati3
672 2186 716 2207 no
742 2181 907 2208 contento
932 2176 976 2207 de
1006 2176 1129 2207 nisuna
1154 2177 1309 2207 drettura
1333 2175 1432 2206 volea
1456 2175 1491 2206 in
1514 2175 1547 2206 la
1578 2181 1671 2206 terra
1702 2176 1804 2216 33301
1835 2185 1929 2206 esser
1961 2174 2101 2206 temudo
2125 2175 2190 2207 cha
2215 2174 2256 2207 35

344 2229 482 2260 amado.
529 2229 571 2260 El
596 2229 675 2270 qual
692 2239 811 2271 spesso
827 2231 1093 2272 acompagnado
1110 2230 1154 2260 de
1170 2229 1265 2260 molti
1290 2228 1462 2259 sceleradi
1488 2237 1555 2259 con
1572 2228 1659 2259 false
1677 2238 1802 2260 accuse
1827 2227 2028 2270 angostiava
2045 2228 2054 2259 i
2072 2228 2191 2270 poveri

347 2282 426 2314 dale
444 2281 538 2321 ville,
555 2282 717 2324 ferivagli
744 2288 777 2313 et
804 2283 942 2324 davagli
960 2283 1004 2314 de
1020 2282 1125 2314 molte
1142 2282 1251 2319 bone,
1275 2281 1488 2313 delettavase
1514 2281 1557 2312 de
1582 2287 1772 2313 comettere
1797 2281 1807 2311 i
1831 2281 1940 2323 stupri
1962 2282 1997 2311 in
2021 2281 2055 2312 la
2078 2281 2195 2313 citade

345 2345 411 2368 con
436 2335 570 2367 vedove
596 2341 629 2366 et
652 2345 803 2378 vergene
828 2342 862 2367 et
886 2335 1015 2367 moiere
1041 2337 1084 2367 de
1109 2335 1188 2367 boni
1208 2334 1360 2367 citadini.
1407 2334 1537 2366 L’altro
1563 2334 1642 2365 fiolo
1666 2334 1776 2365 havea
1800 2344 1901 2365 nome
1926 2333 2063 2373 Vivian,
2087 2334 2192 2366 homo

345 2387 567 2430 equalmente
592 2388 704 2420 cativo
730 2394 764 2419 et
787 2388 832 2420 ad
857 2389 913 2420 far
930 2389 1019 2420 male
1035 2399 1079 2420 no
1097 2388 1252 2420 secundo
1276 2387 1319 2418 ad
1345 2387 1481 2429 alguno‚
1506 2386 1679 2418 homicida
1703 2387 1897 2424 scelerado,
1921 2387 1953 2418 el
1977 2386 2057 2429 qual
2079 2386 2192 2428 prima

345 2446 457 2472 morto
481 2452 527 2472 un
550 2441 716 2482 prevede,
741 2441 798 2483 poi
823 2452 858 2472 se
883 2441 926 2472 de
951 2452 971 2472 a
995 2441 1092 2473 molti
1117 2440 1305 2473 homicidii.
1351 2440 1395 2471 Et
1420 2449 1465 2470 no
1489 2439 1507 2470 ὲ
1532 2439 1647 2480 picola
1672 2440 1856 2478 meraveia‚
1903 2449 2002 2471 como
2023 2440 2136 2471 scrive
2159 2439 2191 2471 el

347 2493 513 2531 Mussato,
538 2494 603 2525 che
628 2495 662 2525 in
686 2501 781 2526 tanta
806 2495 933 2531 cit-ade,
959 2505 1059 2526 como
1083 2495 1101 2526 ὲ
1133 2494 1237 2531 Ρ3ν3,
1261 2494 1294 2525 la
1316 2503 1486 2535 possanca
1510 2493 1553 2524 de
1579 2493 1694 2534 alguni
1728 2493 1832 2534 pochi
1856 2493 1998 2536 tignisse
2021 2499 2113 2524 sotto
2136 2492 2191 2534 pe'

348 2553 438 2579 tutto
463 2547 496 2578 el
519 2547 585 2579 ben
611 2558 747 2579 comun.
794 2548 844 2579 La
869 2548 950 2590 qual
967 2558 1048 2579 cosa
1073 2547 1226 2579 anchora
1243 2558 1302 2578 era
1318 2547 1377 2588 piu
1395 2547 1439 2578 da
1456 2546 1678 2583 meraveiare,
1697 2546 1763 2578 che
1779 2547 1815 2577 13
1833 2546 1864 2577 13
1883 2547 1969 2578 ditta
1986 2545 2054 2578 cita
2069 2546 2194 2578 floriva

348 2600 380 2631 13
404 2600 587 2643 magnifica
610 2610 690 2632 casa
715 2602 758 2632 da
783 2601 931 2632 Carrara
955 2611 1023 2633 non
1048 2611 1126 2633 men
1150 2600 1333 2643 splendida
1357 2600 1400 2630 de
1425 2599 1642 2630 moltitudine
1667 2606 1702 2631 et
1727 2600 1769 2631 de
1793 2600 1969 2642 gentileca
1993 2599 2038 2631 de
2062 2598 2193 2631 homini

349 2654 415 2685 cha
439 2654 483 2684 de
508 2653 658 2694 11011003.
705 2654 749 2685 Et
775 2665 833 2685 era
864 2655 874 2685 i
899 2654 1006 2685 maori
1030 2653 1110 2685 dela
1135 2654 1221 2686 ditta
1245 2663 1324 2685 casa
1347 2663 1457 2684 meser
1480 2652 1619 2684 Iacomo
1644 2658 1679 2683 et
1702 2652 1862 2694 Ubertin,
1887 2662 1971 2694 pare
1995 2652 2061 2684 che
2085 2651 2122 2683 fo
2147 2651 2190 2681 de

347 2717 459 2738 meser
482 2706 609 2738 Nicolo
634 2707 678 2738 da
700 2707 858 2745 Carrara,
882 2708 913 2738 el
937 2718 1046 2740 senno
1070 2707 1104 2739 di
1129 2706 1222 2750 quali
1239 2715 1416 2746 avanqava
1434 2705 1464 2737 le
1489 2716 1546 2738 soe
1569 2705 1756 2748 grandece.
1795 2706 1840 2738 Et
1856 2704 1991 2737 benche
2016 2704 2025 2735 i
2049 2703 2193 2745 preditti

348 2761 440 2791 fosse
457 2760 491 2791 in
509 2760 590 2792 odio
608 2771 627 2791 a
642 2760 746 2791 Piero
771 2761 815 2792 de
831 2759 976 2792 Alticlin
994 2767 1029 2792 et
1051 2771 1071 2791 a
1089 2759 1185 2802 quilli
1209 2761 1252 2791 de
1277 2769 1336 2792 soa
1353 2764 1462 2800 parte,
1487 2769 1551 2800 pur
1575 2769 1642 2791 con
1668 2759 1699 2790 13
1723 2770 1782 2791 503
1799 2769 1884 2802 gran
1909 2757 2106 2789 discrecion
2131 2756 2191 2788 elli

349 2813 572 2844 dissimulava
597 2820 631 2844 et
656 2814 869 2856 prolongava
894 2813 925 2845 el
951 2815 1051 2853 fatto,
1075 2813 1208 2855 3000110
1232 2813 1267 2844 13
1292 2812 1320 2843 51
1344 2822 1429 2854 gran
1452 2812 1599 2843 tumulto
1624 2811 1667 2843 de
1691 2822 1818 2855 guerra
1842 2811 1909 2843 ello
1933 2820 1978 2841 no
2010 2819 2192 2842 oceoresse

350 2871 506 2897 senestro
531 2866 658 2908 alguno
682 2865 750 2897 alla
773 2872 874 2904 terra,
907 2872 939 2898 et
963 2866 1100 2899 benche
1125 2876 1187 2907 per
1211 2871 1331 2908 questo
1363 2865 1419 2896 elli
1443 2866 1534 2896 {osse
1567 2865 1709 2907 tegnudi
1742 2864 1940 2906 pusilanimi
1963 2863 2008 2895 da
2030 2861 2134 2894 Piero
2158 2861 2194 2893 di

352 2918 494 2950 Alticlin
519 2926 554 2951 et
578 2919 635 2950 dai
665 2920 851 2961 conpagni‚
875 2920 887 2951 i
915 2919 1038 2951 voleva
1068 2919 1171 2961 333ςί
1196 2925 1393 2960 comportat
1423 2918 1538 2960 quello
1571 2919 1637 2950 cha
1668 2928 1762 2950 esser
1785 2927 1890 2949 cason
1922 2916 2095 2958 d’impaco
2127 2915 2193 2946 alla

353 2976 453 3003 terra.
499 2972 558 3003 Ma
583 2982 646 3013 pur
671 2973 703 3003 in
729 2973 762 3003 la
786 2973 920 3004 famosa
940 2983 1022 3004 casa
1038 2972 1191 3015 preditta
1215 2972 1259 3003 da
1276 2970 1426 3003 Carrara
1447 2982 1506 3003 era
1530 2972 1538 3002 i
1564 2971 1609 3003 do
1634 2971 1769 3013 (goveni,
1794 2970 1830 3003 di
1848 2970 1940 3013 quali
1965 2971 2010 3002 ho
2035 2970 2122 3001 fatto
2146 2968 2190 3000 de
2216 2968 2257 2999 50

2216 2440 2257 2470 40

2216 2703 2255 2734 45
