2290 3449
58 766 95 797 10

55 1122 92 1155 15

54 1655 88 1681 25

54 1879 90 1906 30

54 2103 87 2130 35

55 2326 89 2352 40

54 2548 87 2574 45

512 191 681 227 GESTA
711 192 1013 228 MAGNIFICA
1041 192 1227 228 DOMUS
1256 193 1646 230 CARRARIENSIS

211 858 262 890 89.
288 875 329 880 —-
353 857 582 889 Instrumento
602 854 681 886 dela
697 854 859 885 vendeda
875 854 963 884 satta
987 853 1019 885 ai

120 910 229 942 nobili
253 910 382 942 homini
405 919 519 941 meser
535 908 683 940 Ubertin
708 913 742 939 et
758 906 925 944 Iacomin,
949 906 1020 937 fra-

121 963 215 1002 delli,
238 963 308 995 fioli
331 964 395 995 che
420 963 458 994 fo
482 962 526 994 de
547 971 658 992 meser
674 959 858 992 Bonifacio
876 960 920 991 da
937 958 1021 990 Car-

121 1028 208 1054 rara,
233 1027 295 1058 per
319 1025 431 1047 meser
457 1014 609 1047 Aleardo
631 1013 667 1044 di
683 1012 800 1044 Basilii
817 1019 852 1044 et
877 1011 1021 1044 Andrea

120 1069 166 1101 da
189 1069 301 1106 Valle,
325 1068 432 1105 noari‚
463 1066 737 1110 legitimamente
770 1065 970 1098 constituidi
1001 1077 1020 1097 a

120 1122 176 1154 far
200 1122 231 1153 la
254 1121 416 1153 vendeda
440 1120 472 1151 ai
495 1118 679 1151 sovraditti
703 1119 844 1161 signori,
869 1119 905 1150 di
928 1118 1020 1157 beni,

120 1175 186 1206 che
211 1175 248 1206 fo
273 1175 317 1206 de
340 1173 490 1205 madona
514 1172 691 1218 Cilborga,
712 1172 820 1214 iqual
838 1172 916 1203 beni
942 1181 1021 1213 case

119 1228 156 1259 in
181 1228 210 1259 le
232 1227 313 1259 ville
337 1227 381 1258 de
398 1225 678 1268 Montegaldella
702 1231 736 1257 et
756 1225 799 1257 de
817 1225 1022 1261 Cervarese,

119 1291 182 1324 per
203 1280 316 1323 presio
340 1279 385 1311 de
410 1278 498 1310 livre
523 1284 647 1320 quatro
664 1279 773 1310 millia
797 1284 986 1310 octocento
998 1278 1021 1307 ⁴²·

1076 323 1250 356 Alticlinii
1265 330 1300 356 et
1316 325 1570 363 consociorum,
1593 326 1627 357 in
1651 326 1850 359 discrimine
1875 337 1981 369 pone-

1077 381 1153 408 rent
1175 376 1350 408 civitatem
1374 388 1394 408 a
1417 377 1451 408 d.
1469 378 1564 410 Cane
1583 378 1766 412 obsessam.
1812 379 1870 411 Ad
1887 381 1980 422 quod

1076 435 1201 466 tamen,
1233 434 1270 460 ut
1302 429 1447 461 inferius
1472 430 1606 473 legetur
1620 430 1639 468 ¹,
1672 433 1704 463 d.
1737 432 1904 464 Nicolaus
1935 433 1979 465 de

1076 481 1238 513 Carraria
1252 481 1273 520 ²,
1298 482 1388 514 filius
1411 482 1497 514 dicti
1516 484 1548 515 d.
1566 483 1741 526 Ubertini‚
1765 491 1799 517 et
1824 485 1981 518 consocii

1076 544 1145 565 non
1160 535 1398 576 inspexerunt.
1424 535 1468 567 Hi
1482 542 1594 568 autem
1607 537 1739 569 domini
1750 539 1760 557 ³
1774 539 1979 581 fragrantis-

1075 587 1153 618 simi
1169 587 1310 620 fuerunt
1326 588 1513 620 amicorum
1533 589 1749 629 defensores,
1767 603 1922 634 quorum,
1945 598 1980 624 et

1075 640 1240 682 precipue
1264 640 1440 679 nobilium,
1458 641 1600 674 fuerunt
1615 643 1833 676 multitudine
1851 645 1979 683 vallati,

1075 694 1111 724 in
1133 694 1233 735 equis
1258 700 1293 726 et
1316 693 1418 726 armis
1449 695 1635 736 splendidi,
1660 697 1722 727 sed
1748 697 1836 729 inter
1860 704 1978 731 cetera

1076 746 1254 778 ferventes
1277 746 1437 778 utilitatis
1460 747 1601 789 publice
1627 748 1824 782 dilectores.

1165 853 1217 885 89.
1254 872 1295 876 -—
1330 854 1599 886 Instrumentum
1636 855 1850 887 venditionis
1884 858 1978 889 facte

1075 906 1255 937 nobilibus
1278 907 1363 938 viris
1388 907 1420 938 d.
1445 906 1615 939 Ubertino
1640 913 1674 939 et
1707 908 1882 950 Iacobino,
1907 911 1976 942 fra-

1075 958 1195 997 tribus,
1219 970 1252 1001 q.
1269 959 1331 990 filii
1356 960 1388 990 d.
1413 959 1590 991 Bonifacii
1608 961 1651 991 de
1669 961 1842 999 Carraria,
1861 973 1924 1003 per
1940 963 1974 995 d.

1075 1012 1266 1044 Aleardum
1295 1013 1338 1044 de
1370 1012 1507 1044 Basiliis
1530 1020 1563 1045 et
1591 1014 1770 1045 Andream
1795 1015 1837 1046 de
1862 1015 1976 1054 Valle,

1075 1066 1238 1102 notarios,
1263 1066 1308 1097 ad
1340 1066 1537 1098 huiusmodi
1568 1066 1743 1098 dationem
1776 1067 1976 1100 faciendam

1075 1119 1230 1161 legitime
1254 1119 1470 1156 consumme,
1499 1119 1669 1151 bonorum
1696 1131 1728 1162 q.
1754 1121 1787 1152 d.
1812 1121 1976 1165 Zilborge

1073 1172 1265 1215 jacentium
1279 1172 1313 1203 in
1331 1172 1420 1203 villis
1437 1172 1719 1215 Montisgaldelle
1733 1179 1767 1206 et
1780 1173 1976 1207 Cervaresii

1075 1236 1138 1267 pro
1155 1226 1267 1267 pretio
1284 1225 1451 1257 librarum
1469 1226 1776 1267 quattuormillium
1794 1227 1978 1270 octingen-

1075 1285 1198 1311 tarum.

205 1387 293 1411 Anno
307 1387 425 1411 Domini
441 1386 596 1410 millesimo
609 1386 819 1415 trecentesimo,
839 1387 989 1411 indicione
1003 1386 1212 1415 terciadecima,
1227 1387 1272 1410 die
1285 1388 1389 1418 quinto
1405 1388 1512 1422 men-sis
1526 1388 1703 1419 septembris,
1718 1387 1825 1419 Padue,
1839 1389 1868 1413 in
1889 1390 1976 1415 domo

119 1432 236 1457 ecclesie
254 1431 354 1456 Sancti
374 1431 518 1455 Anthonii
534 1431 719 1459 confessoris,
734 1431 784 1454 sub
799 1432 912 1463 porticu
926 1431 1045 1456 ecclesie
1057 1431 1243 1456 infirmorum.
1269 1431 1452 1455 Presentibus
1467 1432 1587 1455 domino
1602 1432 1755 1456 Anthonlo
1771 1434 1873 1463 iudice,
1886 1442 1976 1466 quon-

117 1478 182 1502 dam
207 1477 320 1501 domini
339 1476 489 1509 Henrigeti
511 1476 544 1500 de
564 1475 629 1505 Lio,
649 1476 683 1499 de
703 1478 835 1500 contrata
855 1476 956 1508 pontis
975 1476 1128 1505 Fallaroti,
1148 1476 1268 1500 domino
1288 1476 1435 1507 Ravenna,
1457 1476 1519 1501 filio
1540 1477 1650 1501 domini
1668 1477 1767 1509 Jacobi
1789 1478 1897 1503 domini
1919 1479 1975 1504 Ra-

120 1529 220 1551 venne,
233 1522 266 1546 de
280 1522 411 1546 contrata
425 1521 642 1552 Turisellarum,
663 1521 830 1552 Aycardino
849 1528 997 1554 campsore
1010 1529 1026 1545 a
1040 1522 1147 1550 tabula,
1161 1521 1305 1552 quondam
1320 1522 1432 1545 domini
1446 1522 1602 1551 Francisci,
1616 1522 1649 1546 de
1662 1524 1794 1547 contrata
1807 1523 1906 1548 Sancti
1922 1525 1977 1549 Ma-

119 1569 188 1598 thie,
208 1566 327 1600 Canone
347 1567 472 1597 notario,
485 1566 628 1597 quondam
645 1566 758 1590 domini
778 1566 982 1595 ffirtholamei,
1002 1568 1049 1598 qui
1073 1568 1128 1591 suit
1148 1567 1181 1590 de
1195 1566 1365 1591 Cervaresio
1385 1568 1413 1590 et
1428 1574 1503 1590 nunc
1518 1568 1576 1591 stat
1588 1567 1685 1592 Padue
1700 1569 1729 1591 in
1744 1570 1875 1593 contrata
1889 1569 1975 1594 Turi-

119 1612 262 1641 sellarum,
283 1611 404 1635 domino
419 1611 607 1639 Rainaldino,
621 1611 763 1642 quondam
779 1611 890 1635 domini
904 1611 1017 1643 Ugonis
1031 1612 1064 1636 de
1079 1611 1216 1640 Caurola,
1231 1611 1264 1635 de
1279 1613 1411 1636 contrata
1426 1612 1529 1636 Sancte
1543 1611 1653 1642 Crucis,
1667 1614 1694 1637 et
1707 1613 1846 1643 MartIno,
1860 1614 1975 1639 familio

120 1657 192 1681 dicti
212 1656 326 1681 domini
345 1655 502 1685 Anthonii,
523 1657 550 1679 et
570 1655 639 1679 aliis
657 1655 780 1680 testibus
800 1656 912 1688 rogatis
934 1656 967 1680 ad
988 1656 1038 1680 hec
1059 1656 1225 1689 specialiter
1245 1658 1424 1680 convocatis.
1446 1657 1544 1688 Ibique
1564 1664 1616 1689 pro
1637 1658 1733 1688 precio
1753 1657 1890 1682 librarum
1910 1666 1975 1690 qua-

119 1701 313 1726 tuormillium
332 1701 565 1732 octingentarum
585 1701 613 1724 et
631 1701 811 1732 vigintiocto
831 1700 1014 1724 denariorum
1035 1702 1213 1729 venetorum,
1234 1702 1338 1732 partim
1366 1701 1396 1724 in
1425 1701 1551 1725 denariis
1574 1701 1685 1725 venetis
1708 1703 1825 1734 grossis,
1851 1710 1923 1734 quos
1949 1704 1976 1728 d.

119 1745 261 1770 Aleardus
281 1746 419 1774 notarius,
439 1752 464 1776 q.
479 1745 506 1769 d.
519 1743 643 1768 Galvani
659 1744 692 1768 de
712 1745 839 1775 Basiliis,
859 1747 1038 1778 procurator,
1059 1747 1147 1775 actor,
1163 1745 1298 1777 syndicus
1311 1747 1339 1770 ct
1353 1753 1511 1777 yconomus
1525 1747 1552 1769 et
1567 1746 1789 1771 administrator
1803 1748 1978 1772 venerabllis

119 1792 147 1815 et
167 1790 299 1822 religiosi
319 1790 375 1814 viri
397 1790 495 1814 fratris
510 1789 650 1822 Johanini
671 1789 704 1814 de
724 1789 875 1820 Cremona,
896 1790 1011 1814 ordinis
1026 1790 1146 1815 fratrum
1167 1792 1321 1820 minorum,
1335 1790 1466 1815 ministri
1486 1792 1637 1822 provincie
1650 1791 1771 1816 fratrum
1786 1793 1929 1816 mlnorum
1945 1795 1974 1817 in

120 1835 375 1860 administracione
395 1835 521 1860 Marchie
541 1835 705 1866 Tarvisine,
727 1837 758 1859 ut
779 1836 947 1860 continetur
968 1838 996 1859 in
1012 1839 1091 1860 carta
1113 1843 1232 1869 procure
1252 1838 1279 1860 et
1299 1836 1457 1860 sindicarie
1482 1837 1558 1860 facta
1578 1844 1627 1869 per
1640 1837 1801 1868 Johannem
1823 1839 1975 1867 notarium,

120 1889 146 1913 q.
172 1882 198 1905 d.
224 1880 416 1904 Bertholamei
443 1881 475 1904 de
501 1878 680 1908 Cervaresio,
700 1881 728 1904 et
753 1880 900 1912 predictus
921 1880 1056 1904 dominus
1082 1880 1224 1904 Aleardus
1250 1882 1277 1904 et
1296 1880 1322 1904 d.
1343 1879 1475 1905 Andreas
1502 1882 1634 1905 notarius
1661 1882 1694 1905 de
1719 1881 1811 1911 Valle,
1831 1884 1975 1914 tamquam

120 1926 273 1954 nominati,
292 1925 398 1949 decreti
417 1926 445 1948 et
465 1924 595 1949 ordinati
614 1926 825 1956 procuratores,
839 1927 960 1954 actores,
981 1925 1102 1958 syndici,
1117 1926 1250 1957 yconomi
1272 1926 1299 1949 et
1318 1926 1572 1950 administratores
1588 1933 1602 1949 a
1618 1926 1781 1950 venerabile
1795 1927 1822 1950 et
1836 1927 1976 1959 religioso

122 1971 186 1994 viro
208 1970 296 1994 fratre
311 1970 458 2001 Johanino
478 1969 512 1993 de
532 1969 684 1997 Cremona,
704 1970 817 1993 ordinis
839 1970 959 1994 fratrum
980 1971 1133 1998 minorum,
1161 1971 1296 1994 ministro
1317 1971 1468 2001 provincie
1490 1971 1609 1994 fratrum
1635 1972 1779 1995 minorum
1800 1972 1830 1995 in
1850 1972 1975 1997 admini-

120 2016 263 2039 stracione
285 2015 405 2038 fratrum
427 2013 571 2038 minorum
590 2013 719 2038 Marchie
746 2014 901 2038 Tarvisine
927 2016 955 2038 et
980 2015 1115 2038 ordinum
1142 2016 1169 2038 et
1193 2016 1385 2039 conventuum
1414 2015 1535 2038 fratrum
1556 2015 1698 2039 minorum
1719 2016 1753 2039 de
1772 2015 1869 2040 Padua
1895 2018 1922 2040 et
1942 2018 1975 2041 de

119 2059 255 2083 Vicencia
274 2066 307 2082 ac
326 2060 417 2082 eciam
439 2058 560 2082 fratrum
580 2059 774 2090 quorumlibet
793 2059 865 2082 dicti
887 2058 1000 2083 ordinis
1020 2061 1047 2083 et
1068 2060 1190 2083 maxime
1204 2067 1310 2089 eorum,
1323 2060 1427 2090 quibus
1448 2059 1559 2090 aliquid
1580 2059 1705 2091 legatum
1719 2062 1761 2084 est
1781 2060 1826 2084 vel
1841 2061 1973 2086 telletum

120 2106 148 2128 in
169 2106 344 2129 testamento
364 2103 408 2127 vel
430 2103 567 2127 codicillo
588 2103 616 2128 d.
632 2104 767 2135 Zilborge
787 2104 943 2131 comitisse,
963 2103 1021 2127 filie
1042 2112 1066 2135 q.
1088 2105 1114 2127 d.
1137 2103 1222 2128 Xomi
1244 2104 1277 2127 de
1296 2104 1414 2128 Malado
1434 2106 1462 2128 et
1481 2105 1583 2128 uxoris
1603 2112 1629 2136 q.
1650 2109 1674 2129 d.
1695 2103 1840 2129 Guidonis
1861 2107 1975 2130 comitis

118 2149 277 2179 vicentini,
298 2150 338 2172 ita
359 2150 463 2172 tamen·
473 2149 548 2180 quod
568 2149 638 2173 dicti
659 2149 684 2172 d.
706 2149 847 2173 Aleardus
861 2150 889 2172 et
908 2149 1039 2172 Andreas
1054 2150 1080 2172 et
1095 2156 1191 2172 eorum
1212 2149 1328 2173 heredes
1342 2156 1391 2172 nec
1413 2156 1509 2173 eorum
1530 2149 1605 2173 bona
1619 2150 1646 2173 et
1661 2151 1855 2181 possessiones
1875 2151 1975 2182 aliquo

119 2194 205 2218 modo
225 2194 270 2218 vel
291 2194 411 2225 ingenio
430 2201 488 2217 non
510 2194 568 2217 sint
590 2201 638 2217 nec
659 2194 865 2225 Intelligantur
890 2201 950 2217 esse
977 2194 1098 2225 obligati
1120 2201 1169 2217 nec
1196 2193 1328 2225 obligata
1353 2194 1386 2217 de
1405 2195 1467 2227 Jure
1488 2194 1532 2218 vel
1553 2195 1585 2218 de
1606 2194 1693 2224 sacto,
1707 2195 1738 2218 ut
1758 2196 1924 2219 continetur
1944 2196 1973 2220 in

120 2240 197 2263 carta
218 2245 348 2270 procure,
368 2238 485 2268 actorie,
505 2238 669 2268 sindicarie,
690 2239 765 2263 facta
787 2245 836 2270 per
854 2239 1038 2263 Franciscum
1059 2240 1204 2263 notarium
1226 2247 1250 2270 q.
1271 2239 1296 2262 d.
1313 2238 1454 2270 Johannis
1480 2238 1612 2267 Cornuli,
1632 2246 1647 2262 a
1667 2247 1710 2262 me
1731 2240 1846 2263 notario
1867 2240 1928 2264 visa
1947 2242 1976 2265 et

119 2284 202 2312 lecta,
221 2283 400 2315 presentibus
422 2283 509 2307 fratre
528 2282 685 2307 Francisco
705 2283 738 2307 de
758 2283 894 2313 Treseno,
914 2284 1075 2316 guardiano
1097 2284 1216 2308 fratrum
1236 2285 1380 2307 minorum
1401 2283 1434 2307 de
1455 2283 1559 2315 Padua,
1581 2285 1609 2308 et
1622 2284 1709 2308 fratre
1725 2284 1828 2308 Aiulso
1849 2284 1883 2309 de
1903 2285 1973 2310 Leo-

121 2329 196 2357 nico,
216 2327 378 2360 guardiano
401 2328 520 2351 fratrum
541 2328 685 2352 minorum
706 2328 740 2352 de
759 2328 903 2357 Vicentia,
923 2328 1111 2360 infrascripte
1126 2329 1295 2352 vendicioni
1309 2330 1336 2353 et
1354 2329 1504 2353 contractu
1524 2336 1655 2362 expresse
1673 2329 1932 2359 consentientibus,
1947 2332 1975 2354 et

118 2379 201 2397 omne
220 2373 273 2404 jus,
293 2371 370 2403 quod
390 2372 418 2395 in
440 2371 634 2405 infrascriptis
655 2373 887 2404 possessionibus
906 2374 935 2397 et
954 2373 1040 2397 bonis
1060 2373 1184 2404 predicti
1205 2372 1322 2397 ordines
1343 2374 1370 2396 et
1391 2374 1549 2397 conventus
1568 2381 1599 2397 ac
1613 2374 1702 2397 eciam
1719 2374 1820 2397 fratres
1835 2374 1974 2399 seculares

118 2417 264 2445 haberent,
283 2416 496 2440 remittentibus
515 2418 543 2440 et
564 2417 645 2441 omni
657 2418 718 2449 jure
732 2424 783 2440 suo
799 2418 1046 2447 renunciantibus,
1058 2418 1303 2449 guarentaverunt
1317 2418 1344 2441 et
1359 2418 1485 2441 confessi
1502 2418 1617 2442 fuerunt
1631 2425 1659 2441 se
1674 2418 1791 2442 nomine
1806 2419 1890 2447 finiti,
1904 2420 1972 2451 justi

118 2463 146 2485 et
165 2460 302 2485 conventi
330 2460 419 2492 precii
445 2460 579 2485 habuisse
603 2462 632 2486 et
657 2462 796 2493 recepisse
822 2462 850 2486 et
875 2463 916 2486 eis
942 2462 1116 2486 manualiter
1142 2462 1303 2485 numeratas
1330 2464 1357 2486 et
1383 2461 1505 2486 traditas
1532 2462 1590 2486 sore
1613 2463 1705 2486 dictas
1726 2463 1814 2486 libras
1840 2465 1973 2494 quatuor·

119 2505 215 2530 millia
234 2504 421 2537 octingentas
445 2506 473 2528 et
498 2505 675 2537 vigintiocto
695 2505 878 2530 denariorum
898 2513 1054 2538 parvorum
1076 2508 1105 2530 in
1127 2506 1254 2530 denariis
1275 2507 1385 2530 venetis
1405 2506 1513 2537 grossis
1535 2514 1549 2530 a
1573 2506 1722 2531 nobilibus
1744 2508 1816 2531 viris
1841 2507 1868 2531 d.
1888 2507 1975 2532 Uber-

119 2551 184 2574 tino
203 2551 231 2573 et
249 2549 396 2579 Iacobino,
420 2548 564 2580 fratribus,
584 2557 610 2581 q.
631 2550 739 2574 nobilis
754 2552 809 2574 viri
830 2551 856 2574 d.
877 2551 1023 2575 Bonifacii
1040 2550 1073 2574 de
1087 2550 1231 2575 Carraria.
1257 2551 1472 2574 Renunciantes
1493 2551 1616 2583 predicti
1631 2551 1797 2575 venditores
1810 2553 1838 2575 et
1851 2551 1974 2583 quilibet

118 2595 248 2626 ipsorum
267 2595 436 2625 excepcioni
457 2595 485 2617 et
505 2594 677 2625 probacioni
698 2602 757 2619 non
778 2595 883 2626 habite,
906 2603 963 2619 non
986 2597 1130 2620 numerate
1144 2597 1170 2619 et
1186 2603 1243 2618 non
1265 2595 1437 2619 manualiter
1451 2595 1558 2619 tradite
1572 2596 1614 2620 eis
1636 2597 1756 2627 pecunie
1776 2597 1804 2619 et
1818 2597 1915 2628 precio
1931 2604 1975 2620 su-

117 2640 278 2671 prascripto
298 2640 426 2671 tempore
445 2638 530 2662 huius
550 2640 724 2670 contractus,
744 2641 913 2673 excepcioni
935 2640 994 2664 doli
1017 2640 1095 2671 mali,
1118 2640 1227 2664 fraudis
1242 2641 1269 2664 et
1284 2640 1313 2663 in
1331 2640 1436 2663 sactum
1458 2640 1656 2670 simulacioni,
1676 2640 1853 2672 decepeioni,
1873 2641 1972 2665 condi-

118 2685 195 2708 cioni
215 2684 279 2707 sine
298 2689 382 2706 causa
396 2682 438 2706 vel
458 2690 492 2706 ex
512 2683 621 2708 iniusta
641 2691 725 2708 causa
745 2684 936 2716 omnibusque
955 2685 1022 2708 aliis
1042 2685 1161 2718 juribus,
1183 2685 1285 2716 quibus
1300 2685 1503 2708 contravenire
1519 2686 1622 2717 posset,
1638 2692 1690 2717 pro
1704 2686 1760 2718 jam
1778 2685 1857 2710 dicto
1872 2687 1970 2717 precio

117 2727 368 2759 quatuormillium
397 2727 535 2751 librarum
555 2729 786 2760 octingentarum
806 2730 834 2753 et
862 2729 1041 2761 vigintiocto
1068 2729 1250 2753 denariorum
1279 2730 1445 2753 venetorum
1472 2736 1625 2761 parvorum
1648 2730 1676 2753 in
1708 2729 1834 2754 denariis
1864 2731 1973 2754 venetis

208 2856 215 2873 ¹
236 2857 282 2883 Cf.
303 2860 381 2882 sotto
401 2866 423 2882 c.
443 2865 476 2889 92
496 2865 511 2881 e
530 2857 574 2889 96.

206 2898 218 2915 ²
237 2900 386 2930 Mussxro,
407 2901 451 2924 De
467 2900 565 2931 gressis,
585 2899 631 2929 IV,
648 2908 657 2925 r
675 2900 773 2932 (Mun,
790 2901 823 2931 X,
840 2900 917 2933 609):
936 2902 948 2914 “
960 2900 1016 2929 Qui

122 2941 199 2965 “hoc
219 2942 274 2966 sibi
297 2941 402 2965 factum
423 2942 651 2973 inluriosumque
669 2944 845 2974 reputantes,
859 2951 917 2967 rem
933 2943 1021 2967 altius

124 2984 136 2997 “
146 2984 275 3017 aggredi,
294 2985 394 3009 accitis
415 2984 450 3009 ad
469 2985 537 3009 haec
557 2985 603 3009 sui
623 2986 764 3010 consortii
782 2986 943 3018 juvenibus,
968 2993 1022 3010 me-

1077 2859 1185 2884 “ditati
1207 2861 1275 2883 sunt
1295 2862 1376 2890 εἶα»,
1416 2857 1462 2883 Cf.
1492 2860 1526 2889 Α,
1546 2866 1589 2891 92.

1163 2900 1174 2916 ⁸
1201 2901 1260 2926 “lli
1290 2903 1382 2926 autem
1412 2902 1522 2925 domini
1539 2914 1570 2918 —
1587 2901 1699 2933 publice
1727 2901 1879 2926 dilectores
1894 2912 1925 2923 z
1940 2903 1970 2931 A,

1079 2945 1091 2957 “
1105 2942 1152 2968 26:
1172 2942 1334 2968 Consocios
1355 2945 1477 2967 maiores
1498 2957 1529 2960 —
1551 2943 1664 2974 publice
1684 2943 1871 2969 dilectores...

1166 2984 1175 3000 ⁴
1197 2985 1242 3009 Cf.
1263 2984 1391 3013 Omnino,
1412 2985 1511 3009 Albero
1532 2985 1589 3013 cit.,
1609 2992 1635 3017 p.
1656 2992 1697 3017 43.
1717 2992 1759 3017 49.
