2290 3449
331 212 404 248 274

320 343 418 377 Fina,
443 342 527 372 fiola
552 342 594 370 de
620 351 730 371 meser
754 340 881 371 Pataro
897 339 931 371 di
949 338 1216 380 Buccacharini.

318 396 483 426 Anchora
500 394 531 424 el
548 393 701 434 preditto
715 392 907 434 magnifico
922 393 1061 424 iacomo
1078 392 1123 423 da
1137 392 1221 423 Car-

318 459 395 478 rara
420 448 454 477 in
480 457 552 483 oro,
577 445 797 484 vestimente,
814 456 904 479 case,
931 446 1012 476 ville
1037 451 1070 476 et
1094 445 1220 486 campi,

684 208 857 242 GESTA
885 207 1188 242 MAGNIFICA
1218 207 1407 242 DOMUS
1437 206 1827 242 CARRARIENSIS

1272 348 1355 369 vero
1380 338 1594 380 magnificus
1619 337 1761 369 domino
1785 336 1932 369 Iacobus
1950 337 1986 368 in
2006 346 2102 374 auro,
2126 347 2184 367 ve-

1275 391 1395 429 stibus,
1418 390 1588 428 domibus,
1613 390 1716 427 villis,
1747 390 1850 432 agris,
1879 390 1978 432 equis
2010 395 2045 421 et
2069 390 2182 428 armis,

1276 443 1391 475 multis
1415 444 1524 475 multa
1547 443 1701 475 donavit.
1747 441 1876 484 Sicque
1906 442 2050 484 pacifici
2074 452 2184 473 rema-

317 501 441 533 cavaili
464 507 496 531 et
513 510 619 535 arme,
636 510 656 530 a
674 499 772 531 molti
789 500 881 530 dono
907 499 1011 530 molte
1035 508 1127 530 cose.
1175 499 1222 530 Et
1278 502 1360 528 nent
1384 496 1543 528 Paduani
1566 495 1780 537 multumque
1797 494 1965 533 contenti,
1981 495 2025 526 de
2050 495 2183 537 magui-

318 555 390 586 cosi
419 564 551 585 remase
583 553 729 594 pacifici
760 558 795 584 et
826 553 932 584 molto
957 552 1114 584 contenti
1139 551 1221 583 tutti
1277 550 1332 581 fici
1356 549 1487 582 domini
1511 548 1634 581 Iacobi
1651 548 1695 580 de
1713 548 1874 580 Carraria
1896 548 2029 590 justitia
2054 553 2088 579 et
2102 558 2183 590 pru-
2211 549 2229 579 5

318 610 328 639 i
354 607 495 638 citadini
515 606 558 638 de
575 607 677 643 Pava,
695 605 884 637 fidandose
910 605 1016 636 molto
1033 604 1124 636 della
1141 614 1221 645 pru-
1275 603 1392 635 dentia
1415 601 1706 644 quamplurimum
1729 602 1956 634 confidentes

316 660 444 693 dencia
461 665 494 691 et
513 659 604 690 della
631 658 760 690 iustisia
779 658 821 689 de
841 658 979 689 Iacomo
997 658 1041 689 da
1058 657 1219 690 Carrara.

412 765 482 798 197.
508 765 608 805 [[52].
633 782 677 787 —
699 764 860 796 Mettudo
888 764 924 794 in
956 773 1038 804 pase
1064 764 1096 794 el
1120 762 1219 794 stado
1358 759 1438 793 197.
1467 759 1570 800 [152].
1594 777 1638 782 —
1669 758 1873 800 Composito
1908 768 1993 801 ergo
2026 758 2181 790 civitatis

318 819 411 850 della
434 826 524 850 terra
549 830 611 859 per
636 820 669 849 lo
693 828 790 849 maor
814 818 857 849 de
876 817 980 858 quisti
999 817 1045 848 du
1069 816 1221 852 fradelli,
1275 819 1363 845 statu
1394 823 1456 854 per
1487 811 1654 844 maiorem
1687 812 1810 843 horum
1843 812 1990 843 duorum
2022 812 2180 849 fratrum,

318 883 418 904 como
436 873 467 903 io
486 874 530 903 ho
549 873 646 905 ditto.
665 871 728 911 ςοὲ
747 881 809 911 per
827 871 859 902 lo
877 870 1065 911 magnifico
1081 869 1220 900 Iacomo
1276 873 1313 898 ut
1334 866 1484 908 predixi,
1515 865 1653 898 scilicet
1677 864 1813 906 [Cetera
1844 865 1912 905 (cc.
1942 864 2098 905 197-211)
2128 875 2180 896 se-

318 926 364 956 da
395 925 554 960 Carrara,
587 925 633 955 lui
665 923 898 955 desiderando
930 922 975 953 de
1011 932 1221 953 conservare
1276 924 1425 963 quantur
1446 923 1551 962 prout
1573 919 1609 949 in
1633 918 1665 950 A
1690 918 1756 957 (cc.
1790 917 1948 958 152-166)
1980 918 2089 951 variis
2115 918 2180 949 lec·
2213 925 2251 956 10

318 979 532 1010 saviamente
557 978 588 1009 el
614 977 769 1009 dominio
794 977 838 1007 de
863 975 957 1006 Pava
983 985 1003 1006 a
1027 975 1053 1006 si
1078 980 1112 1006 et
1128 975 1160 1006 ai
1184 984 1221 1006 so
1277 973 1422 1005 tionibus
1444 972 1568 1004 ibidem
1594 971 1771 1013 exaratis}

318 1031 525 1067 successori,
549 1041 584 1062 se
608 1030 762 1066 humilio,
779 1030 804 1060 si
821 1029 886 1060 che
905 1028 926 1059 ’1
943 1039 979 1059 se
1003 1027 1110 1070 digno
1135 1028 1244 1059 andar
1259 1038 1279 1058 a
1296 1026 1467 1067 Vicenca,
1492 1025 1758 1068 acompagnado
1783 1024 1819 1056 di
1837 1035 1874 1056 so
1890 1023 2000 1057 nobili
2018 1024 2176 1061 citadini,

317 1091 353 1116 et
377 1091 497 1126 questo
523 1085 566 1115 de
592 1083 734 1115 conscio
759 1083 804 1114 de
830 1082 985 1124 Henrigo
1011 1082 1055 1112 da
1078 1081 1209 1121 Locco,
1235 1081 1293 1112 del
1312 1079 1416 1122 quale
1434 1079 1503 1110 ello
1520 1089 1556 1111 se
1577 1079 1692 1109 fidava
1708 1078 1826 1124 molto.
1863 1077 1908 1109 Et
1925 1077 1948 1108 li
1966 1077 1999 1108 in
2016 1077 2175 1118 Vicenca

316 1139 353 1169 fo
378 1148 444 1168 con
469 1147 580 1168 meser
605 1136 734 1167 Mastia
750 1136 785 1166 in
803 1141 939 1166 secreto
964 1134 1111 1176 parlare‚
1136 1145 1192 1165 ma
1216 1134 1260 1165 de
1284 1133 1411 1175 quello,
1438 1133 1504 1164 che
1531 1132 1590 1163 elli
1615 1131 1768 1173 pai-lasse
1792 1136 1847 1162 tra
1872 1130 1932 1162 elli
1956 1141 1976 1162 o
1994 1131 2059 1162 che
2084 1131 2177 1163 fosse

321 1191 433 1226 tratta,
452 1201 496 1221 no
515 1191 551 1221 fo
576 1189 721 1230 sapudo.
769 1189 815 1220 Et
839 1189 876 1219 fo
901 1193 1023 1229 questo
1049 1188 1107 1219 del
1130 1197 1222 1218 mese
1249 1187 1292 1218 de
1315 1192 1461 1218 ottovre.
1509 1185 1555 1217 Et
1578 1186 1615 1216 fo
1633 1186 1665 1215 el
1689 1184 1778 1216 ditto
1801 1184 2011 1226 magnificho
2036 1184 2174 1215 Iacomo
2207 1183 2244 1214 15

316 1245 344 1274 si
376 1244 488 1286 amigo
521 1242 554 1273 di
588 1242 708 1279 nobili,
740 1242 806 1272 che
837 1251 974 1282 sempre
1007 1240 1075 1272 ello
1100 1240 1212 1271 havea
1234 1249 1295 1271 soa
1319 1238 1478 1281 brigada,
1503 1244 1538 1270 et
1561 1238 1816 1279 specialmente
1842 1237 1886 1268 de
1914 1236 2020 1279 Rigo,
2046 1236 2172 1268 Nicolo

314 1304 348 1328 et
372 1297 568 1328 Francesco
588 1295 726 1327 fradelli
752 1295 797 1326 da
814 1295 943 1335 Εοςςο,
968 1299 1002 1325 et
1025 1295 1054 1325 si
1077 1293 1174 1325 volse
1191 1293 1217 1324 si
1234 1302 1323 1335 gran
1339 1292 1428 1323 bene
1446 1303 1466 1323 a
1484 1292 1608 1333 questi,
1634 1292 1701 1322 che
1718 1291 1761 1322 de
1777 1290 1918 1332 richece
1943 1296 1977 1322 et
1993 1291 2038 1322 de
2055 1289 2181 1322 honori

316 1350 384 1381 ello
416 1351 448 1380 ie
481 1350 592 1380 havezt
616 1348 787 1389 avantaca
813 1348 858 1379 da
881 1347 960 1379 tutti
985 1347 995 1377 i
1020 1347 1097 1378 altri
1121 1346 1277 1383 citadini,
1304 1351 1339 1377 et
1363 1351 1472 1382 tanto,
1499 1346 1564 1376 che
1590 1344 1667 1377 drio
1693 1345 1724 1375 el
1754 1343 1941 1386 magnifico
1966 1342 2105 1375 Iacomo
2131 1344 2176 1374 da

315 1402 467 1434 Carrara
492 1402 549 1433 elli
576 1412 681 1433 erano
705 1401 784 1433 ditti
809 1402 818 1431 i
842 1400 986 1443 segondi
1011 1400 1154 1442 signori.
1204 1398 1265 1430 Ma
1289 1398 1415 1440 questi,
1430 1398 1546 1430 levadi
1571 1397 1606 1429 in
1629 1396 1791 1438 soperbia
1816 1407 1880 1437 per
1904 1397 1938 1428 lo
1962 1403 2034 1428 star
2049 1402 2178 1438 troppo

318 1456 398 1492 ben,
431 1465 530 1487 como
555 1455 682 1486 advien
713 1464 829 1495 spesse
854 1454 963 1490 fiade‚
988 1453 1071 1484 feno
1099 1452 1242 1484 coniura
1268 1457 1391 1483 contra
1416 1452 1449 1482 el
1472 1461 1510 1482 so
1535 1450 1758 1482 benefattore
1783 1450 1923 1481 Iacomo
1948 1449 1993 1481 da
2017 1450 2176 1486 Carrara,
2202 1449 2244 1480 20

320 1508 487 1544 Iacomin‚
513 1518 551 1539 so
569 1508 729 1548 fradello,
756 1508 966 1542 Franceseo,
990 1515 1028 1537 so
1053 1505 1149 1543 siolo,
1174 1511 1208 1537 et
1233 1511 1355 1536 contra
1379 1504 1476 1536 molti
1494 1504 1574 1535 altri
1595 1503 1705 1535 nobili
1723 1502 1818 1534 della
1835 1502 1918 1534 cita.
1964 1502 2017 1534 La
2032 1502 2178 1534 coniura

320 1562 357 1593 di
380 1561 474 1603 quali
490 1561 612 1592 siando
636 1560 798 1592 eciandio
825 1561 1043 1595 descoverta,
1061 1557 1093 1589 el
1110 1558 1304 1600 magnifico
1320 1558 1463 1589 Iacomo
1482 1566 1529 1588 no
1546 1556 1646 1588 volea
1665 1556 1824 1588 credere.
1859 1556 1939 1587 Alla
1963 1555 2018 1587 fin
2034 1566 2100 1597 pur
2115 1565 2178 1596 per

317 1615 521 1656 persuasion
545 1614 679 1645 d'amisi
703 1613 962 1644 affermandose
987 1623 1007 1643 a
1030 1611 1139 1643 meior
1164 1610 1316 1647 conseio,
1341 1610 1410 1642 ello
1436 1609 1524 1641 have
1551 1619 1618 1641 con
1642 1609 1691 1640 lui
1714 1620 1733 1640 a
1759 1618 1845 1640 cena
1862 1609 1956 1651 Rigo
1981 1609 2026 1640 da
2049 1607 2178 1649 Locco,

318 1668 385 1699 ben
410 1668 474 1698 che
500 1667 521 1698 ’1
547 1677 589 1709 ge
614 1666 765 1708 viguisse
791 1666 1070 1701 malvolontiera‚
1096 1662 1228 1706 perche
1254 1664 1322 1695 ello
1347 1673 1452 1694 savea
1477 1663 1543 1694 che
1567 1662 1635 1693 ello
1669 1671 1729 1693 era
1752 1662 1793 1702 921
1816 1661 2026 1693 discoverto.
2074 1660 2119 1693 Et
2141 1661 2178 1692 fo

319 1732 340 1752 a
364 1721 397 1752 di
422 1731 460 1752 vr
486 1721 530 1752 de
556 1719 754 1752 decembre.
799 1720 837 1750 In
862 1726 983 1761 questo
1008 1728 1118 1759 meco,
1143 1728 1187 1749 no
1212 1717 1383 1758 sapiando
1408 1716 1456 1747 lui
1479 1716 1610 1759 alguna
1636 1725 1728 1752 cosa,
1748 1715 1783 1746 fo
1801 1725 1903 1756 preso
1927 1714 2125 1746 Francesco
2143 1719 2178 1745 et
2201 1712 2243 1745 25

317 1775 413 1806 molti
443 1774 531 1806 altri.
580 1773 640 1805 Ma
671 1774 918 1804 incontenente
942 1783 979 1803 se
1004 1772 1092 1803 have
1117 1771 1150 1802 13
1175 1770 1376 1803 confession
1401 1769 1495 1801 della
1519 1769 1665 1801 coniura
1689 1779 1752 1810 per
1783 1768 1882 1809 Acco
1913 1767 2178 1804 Dalesmanine‚

319 1829 460 1859 Iacomo
486 1828 614 1859 Grosso
633 1832 667 1858 et
684 1827 881 1858 Franeesco
907 1826 952 1857 da
976 1824 1190 1861 Moneelese,
1215 1823 1315 1855 amisi
1332 1823 1366 1854 di
1392 1822 1471 1854 ditti
1494 1822 1539 1853 da
1563 1821 1694 1863 Locco.
1744 1821 1838 1863 Rigo
1863 1820 1931 1863 poi,
1948 1820 2125 1862 complida
2148 1819 2181 1852 la

317 1891 418 1917 cena,
444 1880 471 1911 si
494 1880 583 1911 intro
608 1880 642 1910 in
667 1889 735 1910 una
760 1889 907 1917 camera,
935 1880 1001 1910 che
1025 1878 1036 1909 i
1062 1888 1121 1909 era
1145 1876 1335 1918 appariada
1352 1876 1389 1906 in
1408 1885 1490 1907 casa
1513 1875 1570 1906 del
1589 1875 1781 1917 magnifico
1798 1874 1938 1905 Iacomo
1957 1873 2002 1905 da
2018 1872 2178 1911 Carrara,

323 1940 358 1966 et
379 1934 408 1965 si
433 1943 477 1976 ge
502 1933 594 1964 intro
620 1933 728 1964 molto
746 1932 855 1969 tristo,
881 1930 1073 1963 dubitando
1099 1931 1139 1972 921
1164 1929 1290 1972 quello,
1309 1929 1375 1961 che
1396 1929 1429 1960 ie
1447 1929 1557 1960 dovea
1575 1928 1766 1960 incontrar.
1813 1926 1909 1958 Intro
1927 1927 2088 1959 eciandio
2112 1936 2177 1959 con

321 1987 369 2018 lui
393 1988 427 2018 in
452 1987 483 2018 la
507 1987 595 2018 ditta
619 1997 758 2018 camera
783 1986 815 2017 el
839 1985 965 2025 nobele
985 1991 1019 2016 et
1034 1984 1202 2016 scaltrido
1227 1984 1331 2015 homo
1355 1981 1499 2014 Andrea
1524 1982 1558 2013 di
1582 1980 1687 2014 Rossi
1712 1980 1758 2012 da
1774 1980 1912 2017 Parma,
1930 1980 1962 2011 el
1978 1980 2059 2022 qual
2083 1979 2176 2012 disse
2201 1980 2243 2012 30

320 2040 354 2071 al
372 2040 458 2072 ditto
484 2040 589 2081 R1go,
607 2039 728 2070 siando
745 2039 819 2070 solo
838 2048 904 2070 con
921 2038 989 2069 ello
1014 2037 1127 2080 Rigo:
1148 2036 1163 2052 ‘⁴
1180 2037 1318 2068 Iacomo
1334 2036 1379 2067 da
1395 2035 1543 2067 Carrara
1560 2045 1597 2065 se
1614 2033 1734 2066 fidava
1750 2039 1847 2065 tanto
1865 2034 1909 2065 de
1928 2033 1965 2070 ti,
1983 2033 2049 2065 che
2073 2038 2110 2064 tu
2126 2032 2178 2064 eri

323 2093 438 2125 “ditto
463 2091 618 2134 segondo
643 2093 761 2135 signor
786 2102 806 2123 a
830 2091 875 2123 lu.
924 2090 1063 2128 Quomo
1087 2100 1249 2132 presume
1275 2089 1418 2121 doncha
1443 2088 1582 2119 l’animo
1606 2093 1644 2120 to
1669 2088 1703 2118 la
1727 2097 1789 2119 soa
1812 2092 1923 2119 morte
1949 2092 1984 2118 et
2007 2086 2042 2118 di
2066 2085 2172 2124 soi?‚‚

320 2146 364 2178 El
388 2146 477 2178 ditto
502 2146 596 2187 Rigo
622 2145 711 2187 nego
736 2145 1017 2181 instantemente‚
1042 2154 1098 2175 ma
1122 2144 1371 2176 incontenente
1397 2141 1582 2173 convintto
1609 2151 1671 2182 per
1688 2140 1699 2170 i
1717 2139 1903 2182 compagni
1923 2139 2016 2171 della
2033 2139 2177 2171 coniura

319 2205 356 2230 et
380 2210 442 2240 per
464 2200 475 2230 i
499 2209 538 2230 so
564 2199 679 2235 famei,
704 2209 748 2230 no
774 2197 874 2239 posse
901 2207 1042 2240 negare.
1089 2197 1299 2233 Fraucesco,
1323 2205 1362 2227 so
1389 2192 1553 2231 frad'ello,
1580 2194 1691 2225 havea
1715 2192 1877 2225 eciandio
1902 2192 2064 2225 confessa
2089 2192 2129 2232 ca
2144 2191 2179 2223 13

320 2263 403 2284 cosa
420 2258 454 2284 et
471 2258 559 2284 tutto
584 2262 685 2284 como
710 2262 779 2283 era.
830 2251 966 2290 Nicolo,
990 2257 1084 2292 (ει-ρο
1110 2249 1272 2289 fradello,
1297 2259 1358 2279 era
1382 2259 1400 2279 a
1426 2248 1537 2285 Prain,
1564 2247 1593 2278 el
1615 2247 1706 2289 qual,
1725 2247 1861 2287 sapuda
1879 2246 1911 2276 la
1927 2246 2046 2283 verita,
2064 2245 2178 2277 subito
2201 2244 2242 2277 35

318 2306 460 2346 seampo
486 2316 505 2336 a
530 2306 659 2346 Locco,
684 2311 804 2337 contra
829 2304 862 2336 el
888 2304 970 2346 qual
993 2304 1242 2335 incontenente
1267 2301 1411 2334 cavalco
1440 2301 1473 2332 el
1497 2301 1691 2343 magnifico
1716 2300 1856 2331 Iacomo
1880 2299 1926 2330 da
1944 2299 2093 2331 Carrara
2111 2308 2176 2330 con

318 2369 406 2401 gran
431 2359 540 2392 hoste.
589 2359 633 2390 Et
657 2359 714 2399 poi
739 2358 771 2389 el
796 2359 830 2389 di
854 2363 1021 2400 seguente
1047 2357 1136 2388 have
1162 2356 1194 2387 el
1218 2355 1323 2397 luogo
1349 2365 1418 2387 con
1441 2360 1530 2386 tutte
1558 2354 1587 2385 le
1615 2354 1762 2394 fortece,
1787 2353 1975 2395 scampado
1993 2352 2032 2394 ca
2050 2352 2177 2384 Nicolb

323 2421 391 2443 con
409 2412 515 2452 pochi
533 2411 568 2443 di
593 2411 656 2445 soi.
703 2411 755 2443 La
780 2410 861 2452 qual
887 2420 970 2442 cosa
994 2409 1127 2452 sapuda
1150 2420 1171 2440 a
1187 2408 1344 2445 Vinesia‚
1368 2417 1437 2438 una
1454 2406 1581 2438 nobele
1601 2406 1796 2439 ambaxada
1811 2416 1874 2447 per
1889 2411 1989 2447 parte
2006 2405 2049 2437 de
2065 2414 2177 2437 meser

320 2464 354 2495 lo
380 2465 463 2496 duse
489 2474 600 2496 venne
624 2465 657 2496 31
681 2464 872 2505 magnifico
897 2463 1042 2495 Iacomo
1067 2461 1112 2494 da
1137 2461 1297 2498 Carrara,
1321 2467 1365 2498 et,
1391 2460 1508 2502 quello
1533 2459 1716 2496 saludado,
1740 2458 1798 2500 po’
1823 2458 1856 2490 ie
1884 2458 1983 2500 pario
1999 2458 2034 2489 in
2057 2463 2178 2500 queem

322 2518 453 2549 forma:
478 2520 491 2533 “
503 2516 621 2548 Meser
645 2517 679 2548 lo
704 2517 788 2548 duse
814 2528 831 2548 e
858 2516 880 2548 ’1
904 2526 1030 2548 comun
1048 2515 1092 2547 de
1113 2514 1265 2547 Venesia
1282 2525 1318 2546 se
1336 2513 1415 2545 dole
1433 2512 1539 2545 molto
1566 2511 1659 2544 della
1675 2512 1914 2544 inobedientia
1930 2517 1966 2543 et
1981 2510 2037 2543 del
2054 2510 2176 2543 delitto

328 2570 399 2603 “de
423 2571 519 2613 quilli
546 2572 590 2602 da
617 2572 742 2611 Locco,
768 2570 897 2612 perche
923 2570 1002 2612 quel
1029 2579 1157 2601 comun
1182 2568 1297 2600 desita
1321 2567 1356 2599 la
1380 2566 1489 2598 union
1516 2566 1551 2598 di
1576 2566 1723 2598 citadini
1747 2566 1791 2597 de
1823 2565 1918 2598 Pava
1943 2576 1962 2597 e
1987 2564 2009 2596 ’l
2031 2574 2071 2597 so
2101 2563 2176 2596 sta'.

326 2627 342 2641 ·‘
359 2625 402 2656 Et
426 2624 498 2656 cosi
522 2635 586 2665 per
608 2631 708 2665 parte
734 2624 776 2655 de
802 2634 915 2655 meser
939 2623 973 2655 lo
998 2623 1082 2654 duse
1099 2628 1133 2653 et
1151 2622 1194 2654 de
1218 2621 1334 2663 quella
1358 2620 1511 2662 signoria
1528 2619 1588 2651 nui
1606 2629 1646 2651 ve
1664 2619 1833 2651 offeremo
1851 2619 1883 2650 el
1900 2618 1990 2650 ditto
2006 2627 2119 2650 meser
2141 2618 2176 2649 lo

327 2678 442 2709 ’‘duse
466 2683 500 2709 et
524 2677 605 2719 quel
629 2687 755 2708 comun
783 2677 1007 2708 liberamente
1033 2674 1216 2717 appariadi
1234 2674 1270 2704 in
1288 2673 1365 2705 tutti
1381 2673 1392 2704 i
1411 2672 1482 2704 casi
1507 2678 1633 2704 contra
1656 2672 1667 2703 i
1692 2672 1801 2704 vostri
1825 2671 1991 2710 nemisi„.
2038 2671 2177 2713 Regra-

320 2730 377 2762 cib
402 2731 434 2762 el
456 2730 646 2773 magnifico
672 2729 815 2762 Iacomo
840 2730 885 2761 da
908 2729 1059 2762 Carrara
1082 2737 1195 2760 meser
1219 2727 1253 2759 lo
1284 2727 1369 2759 duse
1401 2732 1435 2758 et
1466 2726 1499 2758 la
1531 2725 1705 2757 comunitii
1736 2726 1782 2757 de
1814 2724 1970 2757 Venesia
2000 2729 2036 2756 et
2058 2723 2069 2754 i
2099 2722 2176 2755 ditti

320 2783 557 2820 ambaxadori‚
582 2783 768 2816 offerando
792 2782 820 2814 si
845 2788 879 2814 et
903 2782 935 2813 le
957 2792 1019 2814 soe
1043 2791 1123 2814 cose
1149 2781 1181 2812 al
1205 2781 1304 2812 stado
1327 2785 1362 2811 et
1385 2780 1518 2811 honore
1537 2779 1580 2811 de
1599 2778 1717 2821 quella
1740 2778 1902 2820 signoria.
1949 2776 1965 2809 1
1982 2776 2077 2820 quali
2102 2786 2175 2808 am-
2199 2775 2240 2807 45

320 2836 488 2869 baxadori
514 2836 822 2868 honorevelmente
846 2836 989 2868 trattadi
1013 2834 1071 2867 dal
1095 2835 1185 2867 ditto
1208 2832 1398 2876 magnifico
1423 2833 1566 2865 Iacomo
1594 2831 1639 2863 da
1663 2831 1824 2870 Carrara,
1847 2831 1932 2863 tolta
1948 2830 2109 2868 licencia,
2138 2839 2175 2862 se

321 2890 462 2922 retorno
487 2900 507 2921 a
531 2889 690 2922 Vinesia.

2201 2510 2243 2542 40
