2290 3449
68 816 104 847 10

67 1134 106 1166 15

63 1400 106 1431 20

65 1664 106 1704 2⁵

66 1931 107 1961 30

68 2196 108 2227 35

68 2461 110 2492 40

69 2725 110 2758 45

485 205 658 240 GESTA
687 203 999 239 MAGNIFICA
1028 201 1214 237 DOMUS
1243 201 1640 236 CARRARIENSIS

137 336 304 370 “acresse
334 343 369 368 et
402 337 490 368 iesse
522 335 654 379 grande
689 345 753 376 per
786 335 841 365 iar
876 340 910 366 et
947 343 1039 364 esser

139 393 153 408 “
169 389 296 427 ardidi,
319 395 354 421 et
375 399 421 421 no
444 399 508 430 per
531 389 588 420 far
612 388 694 420 vodi
720 397 739 419 o
761 397 825 429 per
841 387 977 423 sedere,
995 385 1038 416 ne

140 446 153 460 '⁸
168 441 329 474 eciandio
353 451 418 483 per
441 442 543 484 quisti
567 441 666 472 senni
691 446 726 471 et
750 439 854 481 quisti
881 438 1039 481 consigli,

139 498 152 511 ⁸⁴
169 498 234 527 che
259 496 269 526 i
286 495 427 536 paurosi
453 495 590 527 chiama
607 494 665 534 piu
684 502 779 525 esser
795 492 909 535 seguri
928 514 957 531 „.
996 491 1040 522 Et

135 549 204 581 cosi
228 549 432 580 deliberado
457 554 490 579 et
514 547 722 580 comunicha
753 546 895 577 conseio
923 555 965 576 co
989 544 1038 574 al-

133 602 228 646 guni‚
252 602 287 633 di
312 601 406 644 quali
430 601 498 633 ello
523 601 582 642 piu
607 611 643 630 se
667 599 792 636 fidava,
826 608 863 629 se
892 598 1039 638 despose

134 655 179 686 de
204 654 350 686 ancider
371 663 485 685 meser
508 653 717 689 Marsilieto,
742 657 777 683 et
803 650 875 682 cosi
900 660 967 682 con
991 649 1041 680 al-

134 709 224 739 turio
247 707 292 739 de
317 707 435 749 alguni
459 705 699 747 camerlenghi
732 705 788 736 del
818 705 905 735 ditto
929 713 1041 734 meser

133 760 327 793 Marsilieto
351 760 442 791 intro
466 760 501 791 in
526 759 559 790 la
591 768 727 789 camera
751 768 810 789 soa
834 768 853 788 a
878 757 964 788 hore
987 762 1039 787 tre

135 814 178 846 de
196 820 310 851 nocte,
327 820 372 852 et,
390 819 493 854 conto
511 823 530 843 a
549 812 608 849 lui,
633 821 739 851 senca
758 811 886 852 alguna
903 810 1040 841 indusia

135 867 252 909 quello
278 866 406 898 ancise.
453 865 498 897 Et
523 865 558 897 fo
583 865 617 896 le
633 864 788 906 preditte
804 874 886 896 cose
905 874 924 894 a
942 863 977 894 di
996 863 1039 894 de

134 930 232 961 maco
256 929 305 956 VI,
330 929 373 949 ne
399 918 515 949 l'anno
534 918 589 949 del
614 916 746 959 Signor
769 917 862 948 mille
887 921 1040 948 tresento

134 978 304 1016 quaranta
327 972 463 1014 einque.

229 1078 300 1110 196.
327 1077 406 1118 [92].
433 1095 473 1099 —
506 1077 546 1108 El
573 1077 660 1108 ditto
686 1076 878 1118 magnifico
903 1076 1042 1107 Iacomo

135 1132 180 1163 da
199 1121 358 1171 Carrffra,
375 1130 528 1162 voiando
552 1130 765 1162 saviamente
784 1129 931 1171 complir
948 1129 1044 1170 quel-

134 1183 180 1221 lo,
204 1184 269 1215 che
294 1184 362 1216 ello
385 1184 496 1215 havea
514 1183 744 1225 comencado,
767 1193 813 1215 no
836 1183 867 1214 ie
886 1182 1042 1224 parando

135 1237 244 1269 haver
260 1238 351 1268 fatto
371 1246 452 1268 cosa
469 1236 608 1279 alguna‚
626 1237 684 1278 poi
711 1236 776 1267 che
801 1236 822 1266 'l
845 1246 889 1278 ge
907 1241 1043 1267 restava

136 1291 197 1331 dag
214 1290 303 1328 fare,
341 1289 457 1332 quella
493 1295 598 1322 nocte
636 1290 780 1321 instessa
811 1300 847 1320 se
883 1288 976 1320 sorni
1008 1289 1043 1319 in

135 1344 245 1385 prima
265 1343 301 1375 di
318 1353 356 1375 so
373 1343 484 1380 amisi,
502 1342 559 1384 po'
584 1342 712 1374 mando
737 1353 801 1384 per
816 1353 930 1374 meser
945 1342 1044 1373 Iaco-

136 1397 206 1428 min
232 1396 413 1438 Papafava
438 1406 505 1427 con
528 1395 703 1433 Alberfin,
727 1406 765 1427 so
789 1396 889 1432 siolo,
913 1396 945 1427 el
963 1395 1043 1437 qual

136 1440 250 1482 {neser
275 1449 431 1482 Iacomin
455 1459 516 1480 era
532 1449 622 1481 nevo
640 1449 700 1481 del
717 1449 804 1481 ditto
821 1459 934 1480 meser
947 1449 1042 1480 Mar-

135 1503 263 1540 silieto‚
288 1509 322 1534 et
346 1502 475 1535 mando
492 1513 555 1544 per
575 1503 633 1533 elli
650 1512 714 1544 per
729 1513 775 1533 un
793 1512 904 1534 messo
923 1501 1043 1533 simula

136 1557 194 1589 del
217 1558 410 1590 sovraditto
440 1568 555 1588 meser
577 1557 785 1589 Marsilieto.
832 1557 847 1588 I
871 1557 966 1598 quali
991 1557 1042 1588 vi-

135 1612 246 1654 gnudi
269 1611 374 1652 nanci
398 1611 431 1642 al
455 1610 544 1643 ditto
570 1611 723 1648 Iacomo,
740 1610 809 1641 ello
824 1610 957 1642 ordeno
976 1611 1041 1641 che

135 1665 229 1696 fosse
247 1664 460 1696 honorevole
482 1670 515 1695 et
532 1670 786 1695 cortesemente
811 1664 983 1703 guardadi
1005 1664 1042 1694 in

135 1729 203 1749 una
226 1717 320 1749 bella
344 1728 492 1749 camera.
532 1717 594 1749 Po'
611 1728 647 1748 se
666 1717 712 1748 fe’
729 1723 855 1748 metter
871 1717 904 1747 in
921 1716 1040 1758 prison

135 1781 249 1803 meser
265 1770 370 1802 Piero
389 1780 455 1802 con
472 1771 635 1809 Sacheto,
648 1770 797 1802 Marcho
822 1770 916 1802 dalla
940 1770 1041 1802 Cam—

136 1825 290 1867 pagnola
323 1830 357 1855 et
392 1824 551 1856 Albertin
587 1830 621 1856 et
653 1823 856 1856 Marsilieto.
906 1824 950 1855 Et
974 1823 1044 1864 po',

137 1887 203 1909 con
227 1877 260 1909 le
285 1877 394 1909 letere
419 1877 533 1918 sigilla
551 1877 608 1908 del
625 1877 740 1918 sigillo
759 1877 802 1908 de
820 1886 931 1908 meser
947 1877 1043 1908 Mar-

135 1931 247 1963 silieto
272 1931 367 1962 tratti
386 1931 429 1962 de
447 1930 652 1972 Moncelese
679 1936 714 1962 et
738 1930 794 1961 dei
813 1931 890 1961 altri
908 1930 1043 1962 castelli

136 1981 147 2013 i
173 1981 349 2024 capitanii,
367 1982 433 2013 che
449 1992 507 2013 era
526 1982 662 2019 dentro,
687 1979 790 2013 mette
805 1981 840 2012 in
858 1981 868 2011 i
891 1981 1044 2023 predicti

137 2035 257 2077 luoghi
282 2035 424 2073 homini,
449 2035 493 2067 de
527 2035 608 2067 chui
632 2035 665 2066 el
689 2046 724 2066 se
756 2044 880 2076 possea
904 2045 1044 2077 segura-

136 2081 250 2120 mente
270 2088 394 2120 fidare.
428 2089 473 2120 Et
491 2088 565 2120 cosi
582 2087 695 2120 subita
711 2094 746 2120 et
760 2089 1044 2120 scaltridamente

136 2142 173 2174 in
191 2142 308 2185 quella
333 2148 429 2174 notte
456 2142 526 2173 ello
552 2151 589 2173 se
614 2142 793 2173 sottomise
811 2142 892 2184 ogni
909 2143 1044 2184 forteca

137 2196 181 2227 de
205 2196 299 2226 Pava
322 2195 391 2227 alla
414 2205 474 2227 soa
502 2195 668 2238 signoria.
714 2193 778 2226 Poi
810 2195 842 2227 el
876 2203 1043 2239 seguente

138 2249 172 2280 dl
195 2248 208 2280 i
231 2248 381 2287 soldadi,
404 2249 416 2280 i
439 2248 533 2290 quali
557 2249 671 2280 havea
697 2249 780 2290 cura
810 2254 900 2281 sotto
933 2259 1045 2281 meser

137 2301 346 2340 Marsilieto,
369 2301 543 2343 vecandol
559 2309 681 2340 morto,
698 2301 781 2344 curo
797 2302 830 2333 al
850 2302 1043 2345 magnifico

137 2354 279 2388 Iacomo
305 2356 350 2388 da
374 2354 534 2387 Carrara.
580 2355 715 2387 Siando
741 2355 772 2386 le
796 2365 876 2388 cose
894 2356 967 2388 cosi
984 2357 1045 2388 de-

138 2409 250 2450 sponu
276 2414 312 2441 et
335 2409 458 2441 siando
497 2408 538 2449 921
571 2409 695 2440 levado
728 2409 759 2440 el
792 2409 877 2447 sole,
901 2409 912 2440 i
935 2411 1044 2441 maori

140 2461 220 2494 dela
237 2461 305 2494 cita
329 2463 373 2494 de
396 2461 492 2494 Pava
513 2468 548 2494 et
570 2467 658 2494 tutto
676 2462 707 2494 el
734 2462 877 2494 conseio
900 2473 936 2494 se
963 2473 1045 2494 con-

139 2523 253 2544 venne
277 2513 313 2544 in
336 2523 382 2545 un
399 2519 434 2544 et
451 2513 550 2556 elege
566 2513 600 2544 el
616 2513 808 2556 magnifico
832 2514 973 2546 Iacomo
998 2515 1043 2545 da

138 2566 288 2599 Carrara
311 2577 373 2608 per
403 2567 554 2608 signore.
601 2567 644 2598 El
676 2567 758 2609 qual
789 2567 1043 2600 incontenente

138 2619 183 2652 fe'
199 2620 428 2653 liberamente
445 2620 594 2652 relaesar
617 2620 711 2652 delle
735 2619 901 2662 publiche
924 2620 1043 2663 prison

139 2673 286 2705 dosento
302 2673 489 2715 prisonieri
514 2678 548 2705 et
566 2673 625 2715 piu
645 2673 735 2705 intro
755 2674 885 2717 cleregi
901 2680 937 2706 et
953 2674 1045 2706 laici.

139 2726 184 2758 Et
200 2725 341 2758 retorno
358 2736 379 2757 a
394 2726 489 2758 Pava
509 2726 694 2758 Bonifacio
712 2727 747 2758 di
764 2727 863 2770 Nigri
881 2737 947 2759 con
965 2727 1044 2759 altri

139 2778 248 2817 molti,
271 2778 337 2810 che
361 2789 421 2810 era
444 2778 603 2821 chacadh
633 2785 669 2812 et
699 2781 962 2822 generalmente
995 2780 1042 2812 fe'

140 2832 318 2864 cancellar
340 2838 426 2864 tutte
450 2833 483 2864 le
500 2833 737 2865 condanason.
782 2833 829 2865 Et
845 2833 882 2865 in
905 2834 985 2876 quel
1003 2833 1040 2865 di

140 2885 350 2922 Francescm
382 2885 470 2917 fiolo
498 2885 557 2917 del
588 2885 781 2928 magnifico
818 2886 959 2918 Iacomo
996 2886 1041 2919 da

141 2938 299 2980 Carram,
323 2937 411 2970 tolse
427 2949 490 2980 per
513 2939 645 2971 moiere
670 2939 704 2970 la
727 2940 870 2982 egregia
892 2941 1043 2972 madona

276 3072 309 3096 T.
328 3071 417 3103 xvn,
437 3080 463 3104 p.
483 3079 503 3102 1,
524 3073 586 3098 vol.
606 3079 631 3097 11
651 3086 684 3091 --
708 3072 747 3097 18.

1912 202 1986 239 253

1097 333 1174 364 silio
1199 342 1276 364 cum
1302 331 1477 363 nobilibus
1501 332 1718 374 quibusdam,
1744 333 1866 375 quibus
1890 334 1996 375 plur}-

1093 395 1185 416 mum
1211 384 1427 421 confidebat,
1452 391 1572 416 contra
1596 385 1791 426 predictum
1818 386 1993 417 dominum

1093 436 1319 468 Marsilietum
1346 438 1569 479 conspiravit,
1585 439 1727 479 eiusque
1747 448 1918 470 cameram
1937 439 1997 470 ho-

1097 500 1135 520 ra
1151 491 1253 521 tertia
1265 489 1376 521 noctis
1389 490 1574 532 ingressus
1589 491 1876 523 cubiculariorum
1892 492 2000 533 ipsius

1095 543 1226 574 domini
1249 542 1432 574 Marsilieti
1458 544 1587 575 auxilio
1611 545 1781 585 permulta
1802 551 1836 576 et
1860 545 1999 576 diversa

1094 595 1265 627 transiens
1280 595 1499 632 diverticula,
1518 596 1562 627 ad
1579 597 1689 637 ipsum
1709 597 1878 638 pervenit,
1895 607 1997 638 quem

1099 648 1192 679 nulla
1217 648 1418 689 interposita
1442 659 1538 680 mora
1571 659 1648 680 cum
1679 650 1824 682 audacia
1850 651 1999 681 maxima

1099 701 1217 743 gladio
1242 711 1322 732 mox
1354 702 1513 742 peremit.
1561 702 1604 734 Et
1630 704 1727 734 suere
1758 705 1916 744 predicta
1941 703 1999 736 die

1099 759 1196 784 sexto
1221 754 1312 791 maii,
1337 764 1428 786 anno
1453 755 1592 786 Domini
1618 756 1799 787 millesimo
1825 762 2001 787 trecente-

1097 806 1183 838 simo
1208 807 1474 848 quadragesimo
1499 809 1630 849 quinto.

1191 1074 1261 1104 190.
1282 1072 1362 1114 [92].
1387 1092 1428 1095 —
1454 1074 1550 1105 ldem
1568 1074 1776 1115 magnificus
1794 1073 1939 1104 lacobus
1955 1073 2000 1104 de

1099 1125 1273 1161 Carraria,
1298 1125 1418 1156 volens
1442 1126 1633 1166 prudenter
1652 1126 1777 1167 exequi
1797 1126 1888 1167 quod
1905 1126 2003 1156 ince—

1101 1185 1209 1219 perat,
1235 1178 1367 1209 factum
1392 1178 1478 1209 nihil
1510 1186 1684 1220 reputans,
1719 1189 1796 1210 cum
1823 1179 1999 1220 quoddam

1097 1238 1294 1272 superesset
1316 1232 1502 1273 agendum,
1527 1232 1647 1263 eadem
1674 1238 1777 1263 nocte
1795 1242 1830 1263 se
1848 1232 1917 1263 suis
1930 1233 1998 1272 pri-

1097 1295 1152 1316 mo
1177 1285 1403 1316 communivit
1426 1285 1564 1322 amicis;
1588 1292 1670 1317 tunc
1686 1292 1807 1327 postea
1822 1285 1999 1316 dominum

1098 1338 1299 1369 Iacobinum
1334 1337 1548 1380 Papafavam
1580 1349 1657 1370 cum
1690 1339 1892 1376 Albertino,
1926 1340 2002 1369 eius

1101 1392 1191 1429 silio,
1208 1398 1336 1433 nepote
1354 1392 1548 1433 supradicti
1566 1393 1697 1423 domini
1721 1392 1914 1430 Marsilieti,
1938 1403 2001 1433 per

1101 1445 1265 1477 nuncium
1291 1445 1485 1476 simulatum
1518 1446 1626 1487 ipsius
1659 1445 1789 1477 domini
1814 1445 2000 1477 Massilieti

1097 1498 1141 1530 ad
1159 1508 1195 1530 se
1211 1500 1308 1540 jussit
1325 1500 1446 1530 acciri.
1481 1499 1593 1536 Quem
1613 1510 1728 1531 coram
1747 1510 1782 1530 se
1800 1500 1997 1541 profectum

1099 1553 1311 1595 magnificus
1326 1552 1487 1585 dominus
1504 1553 1650 1585 lacobus
1664 1554 1707 1585 de
1724 1554 1889 1585 Carraria
1905 1553 2002 1596 jussit

1099 1607 1133 1637 in
1165 1606 1312 1648 pulchro
1345 1607 1495 1638 thalamo
1532 1607 1729 1638 honorifice
1760 1613 1794 1638 et
1824 1607 2002 1639 curialiter

1099 1660 1280 1692 custodiri.
1326 1660 1464 1691 Deinde
1490 1660 1667 1692 dominum
1688 1659 1827 1691 Petrum
1845 1671 1920 1692 cum
1940 1660 2001 1691 Sa-

1101 1713 1216 1750 cheto,
1240 1713 1399 1745 Marcum
1425 1724 1443 1744 a
1460 1713 1700 1756 Campagnola
1717 1720 1749 1745 et
1769 1713 2000 1751 Alberfinum,

1097 1767 1251 1798 factores
1282 1767 1500 1798 dominorum
1536 1766 1721 1799 Marsilieti
1758 1773 1793 1799 et
1828 1766 2002 1804 Ubertini,

1101 1820 1308 1851 carceravit.
1354 1819 1481 1851 Postea
1505 1831 1598 1856 vero,
1628 1820 1749 1851 litteris
1773 1820 1932 1862 sigillatis
1955 1820 1999 1851 si-

1098 1873 1181 1916 gillo
1203 1873 1332 1904 domini
1358 1872 1543 1904 Massilieti
1568 1873 1714 1904 sublatis
1737 1873 1857 1915 primis
1873 1875 2000 1905 consti-

1099 1927 1182 1958 tutis
1206 1926 1399 1968 capitaneis
1424 1927 1467 1958 de
1493 1925 1715 1958 Montesilice
1740 1933 1775 1958 et
1799 1927 1875 1958 aliis
1891 1928 2002 1959 omni-

1098 1979 1162 2011 bus
1186 1980 1316 2018 castris,
1339 1980 1374 2010 in
1399 1980 1529 2011 eisdem
1548 1990 1610 2021 pro
1629 1980 1820 2022 capitaneis
1835 1981 2000 2022 prefecit,

1098 2033 1222 2076 quibus
1246 2039 1384 2075 poterat
1408 2039 1478 2064 tute
1502 2034 1695 2065 confidere.
1742 2034 1785 2065 Et
1809 2033 1860 2064 sic
1884 2033 2000 2065 subito

1098 2093 1132 2118 et
1157 2092 1258 2118 caute
1283 2093 1387 2118 nocte
1411 2086 1486 2128 ipsa
1504 2086 1568 2118 sibi
1593 2094 1717 2118 cuncta
1733 2086 1910 2125 subiecit„
1939 2086 2002 2119 Se-

1100 2140 1221 2183 quenti
1245 2150 1328 2171 vero
1353 2140 1421 2177 die,
1445 2140 1672 2181 stipendiarii,
1691 2146 1825 2171 mortuo
1841 2140 2001 2182 inspecto

1097 2194 1239 2225 domino
1269 2193 1476 2234 Marsilieto,
1509 2194 1571 2225 sub
1601 2204 1668 2235 quo
1697 2193 1907 2236 juraverant,
1937 2193 2002 2224 sub

1097 2246 1288 2289 magnifico
1314 2247 1453 2278 domino
1485 2246 1615 2278 Iacobo
1644 2247 1686 2278 de
1716 2247 1879 2279 Carraria
1908 2247 2004 2289 jura-

1100 2311 1194 2332 vere.
1241 2299 1363 2332 Rebus
1387 2302 1492 2343 igitur
1517 2301 1566 2332 sic
1586 2300 1760 2342 dispositis
1784 2306 1818 2331 et
1840 2301 1907 2344 jam
1925 2305 2002 2331 orto

1099 2355 1182 2391 sole,
1215 2354 1380 2395 primates
1412 2353 1563 2385 civitatis
1586 2353 1707 2386 Padue
1738 2360 1772 2385 et
1801 2354 2002 2385 universum

1098 2407 1280 2439 consilium
1305 2407 1339 2438 in
1364 2418 1467 2439 unum
1493 2413 1744 2445 convenerunt,
1774 2405 2002 2449 magnificum

1098 2460 1275 2492 dominum
1306 2460 1472 2492 Iacobum
1505 2461 1549 2493 de
1581 2459 1742 2492 Carraria
1767 2460 1800 2491 in
1826 2460 2000 2492 dominum

1099 2514 1241 2556 eligunt.
1289 2512 1359 2550 Qui
1390 2513 1485 2545 illico
1525 2520 1726 2546 carceratos
1764 2514 1934 2545 ducentos
1968 2519 2003 2543 et

1097 2567 1190 2598 ultra
1221 2566 1314 2599 inter
1346 2567 1453 2598 laicos
1484 2573 1519 2599 et
1549 2567 1695 2599 clericos
1726 2568 1770 2599 de
1801 2565 2005 2598 carceribus

1098 2619 1251 2662 publicis
1265 2619 1365 2662 jussit
1380 2620 1539 2652 relaxari.
1577 2620 1798 2652 Bonifacium
1815 2621 1859 2652 de
1884 2618 2004 2661 Nigris

1099 2684 1120 2705 a
1145 2673 1286 2705 civitate
1303 2674 1536 2715 proscriptum
1555 2683 1633 2705 cum
1649 2673 1727 2705 aliis
1742 2673 1858 2705 multis
1881 2672 2003 2704 Padue

1100 2726 1269 2763 restituit3
1297 2726 1504 2758 abolitiones
1523 2727 1849 2759 condemnationum
1876 2725 2004 2757 consti-

1099 2780 1163 2812 tuit
1186 2780 1381 2823 generales.
1429 2780 1551 2822 anue
1576 2780 1632 2812 die
1657 2780 1876 2817 Franciscus,
1907 2778 2002 2810 filius

1098 2832 1249 2875 predicti
1274 2833 1455 2876 magnifici
1488 2833 1608 2865 Iacobi
1633 2834 1677 2865 de
1701 2832 1874 2871 Carraria,
1902 2842 2003 2875 egre-

1097 2887 1189 2929 giam
1214 2885 1388 2918 dominam
1414 2886 1549 2924 Finam,
1574 2886 1683 2918 filiam
1716 2886 1848 2918 domini
1880 2884 2000 2917 Patari

1098 2940 1143 2971 de
1167 2938 1429 2978 Buzacharinis,
1453 2940 1592 2982 accepit
1620 2949 1772 2972 uxorem.
1819 2939 2005 2972 Predictus
