2290 3449
57 724 89 751 10

52 1393 85 1419 25

49 1616 86 1644 30

53 1839 86 1867 35

52 2064 87 2090 40

54 2289 87 2315 45

56 2512 90 2539 50

57 2736 91 2762 55

473 192 646 227 GESTA
675 193 980 228 MAGNIFICA
1009 191 1192 228 DOMUS
1221 190 1610 227 CARRARIENSIS
1887 195 1908 227 2
1915 195 1935 228 3
1942 195 1962 229 3

119 327 277 360 predictum
297 326 324 350 d.
343 326 526 358 Paganinum
545 326 574 349 et
593 326 668 358 apud
688 326 775 350 viam.
811 326 894 356 Item,
914 333 1000 350 unum
1021 332 1150 357 campum
1169 325 1242 348 terre
1263 325 1343 356 vigre
1363 326 1390 348 et
1411 325 1541 349 laborate
1561 325 1635 357 apud
1657 326 1764 350 dictum
1783 326 1920 350 buschum
1939 328 1966 350 et

119 371 196 403 apud
215 371 345 395 dominas
365 370 399 394 de
418 370 534 394 Arcella
547 370 581 394 de
600 370 746 395 Vicencia.
774 369 854 399 Item,
868 370 1057 401 infrascripta
1076 369 1159 399 bona,
1179 370 1375 400 possessiones
1394 370 1422 392 et
1435 370 1499 401 jura
1513 371 1608 401 posita
1627 370 1658 394 in
1678 371 1766 395 dictis
1780 372 1966 402 pertinenciis

121 415 367 447 Montisgaldelle,
386 422 439 446 que
459 415 631 438 tenebantur
650 415 686 439 ad
706 415 821 439 seudum
840 417 868 439 et
887 415 948 439 iure
973 414 1053 438 feudi
1072 421 1088 437 a
1108 414 1188 437 curia
1207 421 1256 445 per
1275 413 1301 437 d.
1321 412 1521 437 Guillielmum
1542 414 1575 437 de
1594 413 1758 446 Silvaeano,
1780 423 1855 439 nunc
1869 417 1968 439 tenen-

120 462 168 484 tur
186 467 234 492 per
253 461 313 483 eius
327 459 452 483 heredes.
488 459 521 482 In
536 460 645 491 primis,
659 467 745 483 unam
760 460 869 491 peciam
883 460 956 483 terre
970 459 1122 489 sexaginta
1135 464 1311 490 camporum,
1332 459 1360 481 in
1376 459 1508 482 contrata
1524 457 1653 489 Guicole,
1668 459 1743 490 apud
1758 460 1833 484 viam
1850 461 1878 483 et
1892 460 1965 491 apud

119 506 258 536 emptores
277 503 433 536 predictos.
470 503 549 533 Item,
564 503 715 536 sexaginta
735 510 850 536 campos
870 504 943 527 terre
963 504 1041 534 vigre
1061 503 1089 526 et
1110 502 1245 531 nemoris,
1260 503 1289 525 in
1305 503 1438 526 contrata
1457 502 1641 534 Perspinelli,
1661 503 1735 534 apud
1748 503 1967 535 Perspineilum‚

118 550 193 581 apud
214 550 290 573 viam
302 550 330 572 et
342 548 419 580 apud
433 549 547 573 NInam.
572 548 652 578 Item,
665 556 754 572 unum
774 547 901 572 sedimen
921 548 998 571 circa
1012 547 1085 571 duos
1099 553 1224 579 campos,
1239 546 1366 578 positum
1381 548 1410 570 in
1425 547 1502 570 dicta
1517 547 1597 575 villa,
1611 548 1642 571 in
1664 549 1795 572 contrata
1809 548 1836 573 S.
1856 547 1965 577 Crucis,

119 594 153 618 ab
179 601 236 617 uno
261 594 350 617 latere
369 593 438 617 dicti
464 594 605 625 emptores
624 595 651 617 et
678 594 713 618 ab
733 600 792 617 uno
812 592 905 625 capite
927 593 983 616 via.
1021 592 1100 620 Item,
1121 591 1197 615 circa
1217 591 1288 615 duos
1314 598 1431 623 campos
1452 593 1482 615 in
1507 590 1637 620 Selburo,
1662 599 1678 616 a
1701 592 1810 616 duabus
1836 593 1965 624 partibus

117 638 233 662 heredes
252 638 323 661 dicti
345 638 370 661 d.
391 637 564 662 Guillielmi.
599 637 679 667 Item,
699 637 823 661 medium
844 644 973 669 campum
994 637 1076 664 terre,
1096 636 1125 660 in
1147 636 1224 660 dicta
1244 638 1388 663 contrata,
1408 644 1422 660 a
1442 635 1551 659 duabus
1576 637 1706 667 partibus
1726 638 1773 661 via
1792 639 1820 661 et
1840 638 1873 661 ab
1899 638 1966 661 aliis

118 683 227 707 duabus
246 682 377 714 partibus
396 683 511 707 heredes
531 682 601 706 dicti
621 682 646 706 d.
666 680 841 705 Guillielmi.
879 681 959 709 Item,
979 680 1048 704 duas
1067 681 1164 713 pecias
1183 682 1266 709 terre,
1285 687 1339 711 que
1366 682 1486 711 possunt
1506 687 1566 704 esse
1586 682 1660 704 circa
1683 682 1806 705 medIum
1827 689 1965 713 campum,

118 734 135 750 a
152 727 246 751 tribus
264 727 394 759 partibus
413 727 528 751 heredes
548 726 618 750 dicti
643 726 668 750 d.
689 724 863 753 Guiliielmi,
884 733 898 749 a
925 726 1025 756 quarta
1045 726 1126 756 parte
1152 725 1224 748 dicti
1246 726 1399 757 emptores.
1436 724 1516 753 Item,
1537 726 1612 748 circa
1636 732 1683 748 sex
1704 733 1819 758 campos
1841 728 1915 750 terre
1935 727 1966 751 in

118 772 250 795 contrata
270 770 424 801 Cellesare,
444 772 478 795 ab
498 778 558 795 uno
577 771 672 803 capite
691 769 806 794 heredes
826 769 898 793 dicti
920 769 945 793 d.
966 768 1142 797 Guillielmi,
1169 769 1202 793 ab
1228 769 1287 793 alia
1313 771 1394 800 parte
1421 770 1485 802 jura
1505 770 1624 793 ecclesie
1648 770 1676 794 S.
1695 769 1825 799 cassani,
1847 770 1880 794 ab
1901 771 1966 794 aliis

119 816 249 847 partibus
268 816 339 840 dicti
358 817 510 849 emptores.
544 815 622 843 Item,
642 821 691 838 sex
710 821 826 845 campos
846 814 922 846 prati
942 813 972 837 in
993 814 1139 845 prataciis,
1159 814 1234 845 apud
1255 813 1540 837 Karlurnmartellum
1560 816 1587 837 et
1606 814 1682 846 apud
1703 814 1797 838 dictos
1816 816 1966 846 emptores.

115 860 196 891 Item,
215 862 289 885 circa
309 861 521 892 quinquaginta
546 867 594 884 sex
614 865 730 890 campos
749 860 832 887 terre,
852 859 883 882 in
903 857 1028 892 Guicola
1048 859 1082 882 de
1101 860 1234 883 contrata
1254 858 1487 890 Montegaldelle,
1509 858 1584 890 apud
1604 858 1719 882 heredes
1738 858 1809 882 dicti
1834 860 1859 883 cl.
1886 859 1967 883 Guil-

118 905 212 930 lielmi
230 907 259 930 et
276 905 353 937 apud
374 906 459 935 viam,
477 912 530 937 que
550 904 630 928 vadit
648 911 698 935 per
716 903 840 927 medium
861 902 996 934 Guicola,
1017 910 1032 927 a
1053 904 1148 935 capite
1167 903 1253 934 Nina,
1274 904 1310 927 ab
1330 903 1391 927 alio
1411 903 1505 934 capite
1525 903 1574 927 via
1593 904 1626 927 de
1645 903 1673 927 S.
1692 903 1778 927 Zeno.
1816 902 1897 932 Item,
1916 905 1967 928 tri-

119 951 330 982 gintaquinque
348 957 463 982 campos
481 950 581 973 buschi
601 950 629 973 et
648 948 756 980 viginti
780 955 896 980 campos
915 950 989 972 terre
1008 948 1093 972 simul
1115 955 1143 972 se
1169 949 1308 979 tenentes,
1335 948 1410 979 apud
1436 948 1583 980 predictos
1605 949 1754 980 emptores,
1776 949 1852 980 apud
1871 949 1967 972 dictos

117 994 234 1019 heredes
247 995 273 1019 d.
293 995 455 1019 GuiIHelmi
471 993 505 1018 de
517 993 671 1026 Silvacano
685 994 712 1016 et
732 992 808 1025 apud
822 993 936 1017 Ninam.
965 992 1044 1021 Item,
1066 993 1248 1017 medietatem
1268 993 1481 1025 quinquaginta
1496 999 1662 1025 camporum
1676 994 1750 1016 terre
1768 1000 1820 1024 pro
1836 993 1965 1017 indiviso

119 1047 180 1063 cum
200 1039 287 1064 dictis
305 1039 490 1071 emptoribus,
510 1038 559 1069 qui
579 1038 751 1062 tenebantur
770 1044 819 1070 per
838 1036 1010 1062 Vicencium
1031 1037 1064 1061 de
1084 1036 1222 1068 Clarello,
1236 1037 1311 1069 apud
1330 1038 1481 1068 Poxolum,
1496 1038 1572 1069 apud
1592 1038 1699 1062 Ninam
1713 1040 1740 1062 et
1754 1038 1830 1070 apud
1850 1038 1964 1062 heredes

115 1084 188 1108 dicti
205 1084 232 1108 d.
252 1083 425 1109 Guillielml.
461 1082 541 1112 Item,
562 1083 669 1114 viginti
690 1089 805 1115 campos
824 1084 899 1106 terre
918 1084 999 1114 vigre
1020 1084 1049 1106 in
1069 1082 1186 1106 ronchis
1207 1082 1326 1106 illorum
1348 1083 1381 1106 de
1401 1082 1521 1111 Franco,
1542 1083 1591 1113 qui
1612 1083 1783 1106 tenebantur
1801 1083 1837 1106 ad
1852 1082 1966 1106 seudum

116 1136 166 1160 per
186 1128 255 1152 illos
274 1129 307 1153 de
326 1128 435 1153 Franco
454 1134 470 1151 a
489 1127 569 1151 dicto
589 1125 816 1157 d.,Guillielmo,
835 1127 912 1158 apud
931 1127 1144 1159 Perspinellum
1164 1128 1191 1150 et
1209 1127 1284 1158 apud
1304 1127 1419 1151 heredes
1440 1127 1511 1150 dicti
1533 1126 1559 1151 d.
1579 1126 1755 1151 Guillielmi.

205 1173 393 1204 Infrascripte
412 1173 479 1196 sunt
491 1173 688 1203 possessiones
707 1173 735 1196 et
753 1172 825 1204 jura,
836 1172 931 1204 posite
945 1173 974 1195 in
995 1171 1067 1196 villa
1081 1171 1242 1196 Cervarcsii
1258 1179 1273 1195 a
1286 1171 1375 1195 latere
1387 1170 1416 1195 S.
1430 1171 1541 1196 Crucis.
1565 1171 1598 1195 In
1612 1172 1722 1203 primis,
1738 1179 1827 1196 unum
1840 1172 1965 1195 sedimen

117 1218 243 1249 quinque
261 1216 433 1249 perticarum
451 1218 480 1240 et
498 1216 659 1240 tabularum
677 1216 802 1248 triginta
821 1216 941 1240 duarum
955 1218 982 1240 et
994 1217 1154 1249 jacencium
1175 1217 1204 1240 in
1220 1218 1354 1240 contrata
1372 1216 1407 1240 de
1426 1216 1501 1240 valle
1522 1216 1612 1244 Lovo,
1631 1216 1747 1240 coheret
1765 1224 1781 1240 a
1795 1224 1876 1241 mane
1895 1216 1966 1241 dicti

116 1264 266 1294 emptores,
285 1270 300 1286 a
320 1269 395 1285 nona
413 1263 478 1294 J'ura
503 1261 621 1285 ecclesie
644 1260 670 1285 S.
697 1261 799 1286 Crucis
818 1264 846 1285 et
871 1268 887 1285 a
914 1261 1049 1285 nullhora
1071 1263 1118 1286 via
1145 1262 1288 1286 comunis.
1324 1261 1406 1291 Item,
1431 1268 1516 1285 unam
1543 1261 1653 1293 peciam
1673 1263 1756 1292 terre,
1774 1262 1805 1286 in
1825 1264 1966 1291 contrata,

115 1308 164 1338 qui
185 1307 292 1331 dicItur
310 1305 470 1338 Rubigana‚
490 1307 611 1330 duorum
629 1313 795 1339 camporum
815 1308 842 1330 et
861 1306 946 1330 unius
966 1306 1059 1337 tercii,
1081 1306 1198 1330 coheret
1217 1313 1233 1330 a
1259 1313 1341 1330 mane
1361 1308 1388 1330 et
1408 1313 1424 1330 a
1446 1305 1582 1330 nullhora
1604 1306 1738 1330 Albertus
1758 1314 1784 1338 q.
1803 1305 1923 1331 Viviani
1938 1309 1966 1331 et

103 1349 131 1384 [a
151 1359 212 1375 sero
231 1351 401 1375 Albertinus
420 1358 446 1382 q.
466 1350 669 1382 Frehenconis.
706 1351 785 1379 Item,
805 1358 891 1374 unam
912 1352 1021 1383 peclam
1037 1353 1110 1374 terre
1130 1352 1159 1374 in
1179 1351 1276 1375 eadem
1297 1352 1429 1375 contrata
1442 1352 1531 1374 trium
1551 1358 1724 1382 camporum,
1743 1351 1859 1375 coheret
1878 1359 1966 1376 asero

115 1395 164 1420 via
181 1395 373 1424 consorcium,
387 1402 404 1418 a
423 1395 558 1419 nullhora
572 1395 706 1419 Albertus
726 1403 752 1426 q.
770 1393 891 1419 Viviani
911 1396 938 1419 et
958 1402 974 1418 a
994 1402 1075 1418 mane
1094 1394 1265 1419 Albertinus
1279 1403 1304 1427 q.
1319 1395 1522 1428 Frehenconis.
1558 1394 1639 1424 Item,
1653 1402 1736 1419 unam
1757 1396 1864 1426 peciam
1888 1397 1965 1428 prati

115 1441 144 1464 in
164 1439 311 1464 Palusello
331 1441 419 1464 trium
438 1447 603 1472 camporum
623 1441 650 1464 et
664 1441 840 1472 perticarum
860 1440 978 1463 duarum
999 1442 1026 1464 et
1046 1440 1209 1464 tabularum
1230 1440 1363 1471 triginta,
1384 1440 1500 1464 coheret
1518 1447 1534 1463 a
1554 1446 1636 1463 mane
1655 1439 1727 1464 dicti
1748 1442 1890 1472 emptores
1903 1442 1930 1464 et
1950 1448 1966 1465 a

115 1492 177 1509 sero
196 1487 224 1509 et
244 1493 259 1510 a
279 1493 356 1510 nona
376 1485 401 1509 d.
421 1485 595 1516 Sulimanus,
614 1485 663 1516 qui
683 1485 741 1509 suit
754 1485 787 1509 de
801 1485 994 1517 Sacholongo,
1009 1487 1036 1508 et
1051 1493 1065 1509 a
1080 1485 1217 1509 nullhora.
1230 1485 1401 1509 Palusellus.
1430 1485 1509 1515 Item,
1529 1492 1615 1509 unam
1635 1485 1745 1517 peciam
1759 1486 1832 1509 terre
1846 1487 1875 1508 in
1889 1485 1967 1509 Ron-

114 1529 252 1554 chofosco
271 1538 320 1554 sex
339 1530 513 1563 perticarum
532 1537 595 1554 cum
615 1529 746 1560 dimidia,
758 1529 874 1553 coheret
894 1538 908 1554 a
928 1537 1011 1553 mane
1037 1529 1246 1559 Manfredinus‚
1265 1531 1313 1561 qui
1329 1530 1437 1553 dicitur
1450 1528 1568 1559 Grotus,
1582 1537 1596 1553 a
1618 1529 1753 1553 nullhora
1772 1529 1968 1559 Bonushomo,

115 1582 130 1599 a
149 1582 226 1599 nona
244 1576 273 1599 et
286 1583 301 1599 a
315 1582 378 1599 sero
392 1576 440 1599 via
453 1576 593 1599 comunis.
614 1574 695 1605 Item,
708 1582 794 1599 unam
807 1576 916 1606 peciam
936 1576 1010 1598 terre
1023 1574 1108 1598 unius
1123 1575 1215 1606 campi
1229 1575 1347 1598 duarum
1362 1575 1534 1606 perticarum
1554 1575 1581 1598 et
1594 1574 1755 1598 tabularum
1777 1575 1968 1606 quadraginta

116 1620 246 1651 quatuor,
268 1620 382 1643 coheret
393 1627 409 1643 a
422 1627 504 1643 mane
523 1619 692 1644 Anthonius
705 1627 730 1651 q.
744 1619 872 1643 Bardelli
885 1620 913 1643 et
927 1627 942 1643 a
957 1626 1019 1643 sero
1032 1619 1142 1650 Petrus,
1163 1620 1209 1650 qui
1233 1619 1339 1643 dicitur
1352 1618 1508 1650 Prepapili,
1523 1621 1549 1643 et
1563 1626 1579 1642 a
1597 1619 1731 1643 nullhora
1745 1619 1879 1643 dominus
1893 1619 1967 1643 Hen-

114 1663 221 1696 gulfus.
257 1664 336 1693 item,
349 1672 435 1688 unam
455 1665 563 1696 peciam
582 1667 655 1688 terre
674 1664 705 1688 in
725 1663 876 1688 Follarolo
890 1665 975 1688 unius
988 1664 1090 1696 campi,
1107 1665 1172 1688 octo
1193 1664 1375 1695 perticarum,
1390 1664 1503 1687 coheret
1522 1671 1538 1687 a
1558 1670 1640 1687 mane
1660 1664 1708 1687 via
1721 1665 1860 1694 comunis,
1874 1670 1890 1688 a
1904 1671 1967 1688 sero

117 1708 214 1733 Vanus
233 1710 262 1733 et
281 1717 295 1733 a
316 1716 393 1734 nona
413 1709 439 1733 d.
459 1709 593 1738 Belletus,
613 1709 662 1741 qui
682 1709 790 1733 dicitur
809 1709 951 1742 Qachone.
982 1708 1065 1738 Item,
1084 1716 1170 1733 unam
1184 1710 1293 1740 peciam
1314 1711 1388 1733 terre
1401 1710 1431 1733 in
1446 1710 1587 1739 contrata,
1601 1716 1653 1740 que
1667 1708 1775 1733 dicitur
1788 1709 1868 1739 Breo,
1881 1710 1968 1733 unius

116 1753 221 1787 campi,
234 1754 366 1778 undecim
386 1754 559 1787 perticarum
573 1756 601 1778 et
614 1753 776 1778 tabularum
790 1754 963 1785 quindecim,
977 1755 1023 1778 cui
1039 1754 1153 1778 coheret
1166 1761 1182 1778 a
1197 1754 1331 1778 nullhora
1351 1755 1378 1777 et
1393 1761 1407 1778 a
1421 1760 1483 1778 sero
1497 1753 1607 1784 Petrus,
1621 1754 1668 1784 qui
1683 1753 1791 1778 dicitur
1809 1754 1967 1786 Prepapili,

116 1799 145 1822 et
165 1806 179 1822 a
199 1805 281 1822 mane
299 1799 422 1823 Hencius
441 1806 468 1830 q.
481 1798 652 1830 Johannini.
690 1798 769 1828 Item,
790 1806 875 1822 unam
894 1799 1003 1830 peciam
1023 1800 1096 1822 terre
1117 1799 1146 1822 in
1166 1798 1241 1822 Ruia
1260 1798 1392 1822 undecim
1415 1799 1589 1830 perticarum
1609 1800 1637 1822 et
1656 1798 1818 1822 tabularum
1844 1798 1966 1830 quadra-

117 1843 209 1875 ginta,
230 1843 345 1868 coheret
363 1851 379 1867 a
398 1851 480 1868 mane
499 1842 646 1868 Guidotus
666 1851 692 1875 q.
711 1843 841 1873 Thomei,
861 1850 878 1868 a
898 1843 1032 1867 nullhora
1052 1844 1099 1867 via
1119 1843 1250 1867 comunis
1269 1844 1296 1867 et
1315 1850 1332 1867 a
1351 1850 1429 1867 nona
1449 1843 1543 1866 dictus
1562 1843 1740 1867 Anthonius.
1776 1843 1856 1872 Item,
1881 1850 1968 1867 unam

116 1888 226 1920 peciam
245 1889 319 1911 terre
337 1887 367 1912 in
389 1886 592 1920 Campolongo
611 1889 678 1912 octo
698 1889 871 1920 perticarum
892 1889 920 1912 et
939 1888 1100 1912 tabularum
1114 1887 1261 1916 tredecim,
1281 1887 1394 1911 coheret
1407 1894 1424 1911 a
1437 1894 1520 1911 mane
1533 1888 1581 1911 via
1595 1887 1812 1916 consorcium,a
1832 1887 1967 1911 nullhora

116 1932 165 1956 via
178 1933 310 1956 comunis
329 1934 357 1957 et
371 1940 386 1956 a
405 1939 468 1956 sero
482 1931 626 1956 Guidotus
645 1940 670 1963 q.
690 1931 821 1956 Thomei.
852 1932 931 1961 Item,
946 1940 1031 1957 unam
1047 1934 1157 1964 peciam
1170 1933 1244 1956 terre
1258 1939 1273 1955 a
1288 1932 1376 1964 ponte
1391 1931 1499 1963 lapidis
1512 1933 1638 1962 quatuor
1651 1932 1826 1964 perticarum
1844 1936 1873 1956 et
1887 1932 1966 1956 tabu·

117 1977 209 2000 iarum
226 1976 426 2009 quadraginta,
447 1977 561 2001 coheret
573 1984 590 2001 a
602 1984 685 2001 mane
704 1976 867 2007 Vialardus,
882 1977 968 2001 homo
982 1977 1009 2002 d.
1028 1976 1139 2009 ingulfi,
1153 1985 1168 2001 a
1183 1983 1261 2000 nona
1274 1978 1302 2001 et
1315 1984 1330 2000 a
1345 1984 1406 2000 sero
1421 1975 1566 2000 Guidotus
1579 1984 1604 2008 q.
1619 1976 1749 2000 Thomei,
1781 1976 1862 2006 Item,
1881 1984 1965 2000 unam

117 2022 226 2053 peciam
239 2023 313 2046 terre
326 2022 411 2046 unius
424 2022 518 2053 campi
537 2029 599 2046 cum
613 2021 747 2050 dimidio,
762 2022 877 2046 coheret
891 2029 906 2045 a
920 2028 1001 2045 mane
1020 2021 1125 2045 Melius
1145 2029 1171 2053 q.
1185 2020 1357 2049 Crescencss,
1372 2029 1387 2045 a
1401 2028 1478 2045 nona
1492 2020 1627 2050 Belletus,
1640 2022 1688 2053 qui
1704 2021 1810 2045 dicitur
1823 2020 1966 2054 Cachone,

118 2067 146 2090 et
159 2074 174 2091 a
194 2066 328 2091 nullhora
341 2067 390 2090 via
403 2067 543 2091 comunis.
577 2067 658 2096 Item,
678 2067 857 2098 una‘peciam
871 2068 945 2090 terre
957 2067 988 2090 in
1010 2068 1150 2095 contrata,
1163 2073 1216 2097 que
1229 2067 1336 2090 dicitur
1357 2066 1478 2099 (juvata,
1498 2073 1600 2089 novem
1614 2067 1795 2098 perticarum,
1815 2067 1966 2097 quatorde-

117 2112 174 2135 cim
192 2111 363 2140 tabularum,
383 2112 498 2136 coheret
517 2119 532 2136 a
552 2119 634 2136 mane
653 2111 788 2140 Belletus,
809 2112 858 2143 qui
878 2112 984 2135 dicitur
1004 2111 1150 2144 (hebone,
1170 2119 1186 2135 a
1212 2118 1275 2135 sero
1302 2111 1439 2135 Albertus
1458 2110 1526 2135 Bari
1545 2111 1658 2134 heredis
1678 2112 1705 2135 et
1724 2118 1740 2135 a
1766 2111 1902 2135 nullhora
1921 2112 1968 2135 via

118 2157 259 2180 comunis.
295 2156 375 2187 Item,
397 2163 483 2180 unam
496 2158 606 2189 peciam
620 2159 693 2181 terre
707 2164 796 2188 prope
810 2157 948 2181 fossatum
964 2157 1073 2180 Vanete
1088 2157 1172 2180 unius
1191 2157 1283 2188 campi
1299 2163 1360 2179 cum
1374 2155 1507 2184 dimidio,
1522 2155 1637 2179 coheret
1650 2163 1664 2179 a
1679 2163 1761 2180 mane
1773 2156 1927 2180 Vialardus
1940 2164 1967 2188 q.

116 2200 203 2230 Petri,
216 2209 232 2225 a
245 2208 308 2226 sero
322 2200 504 2226 Crescentius
517 2202 546 2225 et
559 2209 575 2225 a
589 2201 724 2226 nullhora
743 2208 841 2225 nemus
862 2203 1031 2226 monasterii
1051 2200 1078 2225 S.
1100 2200 1216 2225 Cecilie.
1253 2200 1334 2230 Item,
1353 2208 1438 2224 unam
1458 2201 1567 2232 peciam
1587 2202 1660 2224 terre
1680 2201 1710 2224 in
1730 2200 1870 2232 Vancolis
1880 2202 1965 2225 trium

119 2246 293 2278 perticarum
312 2248 340 2271 et
359 2246 518 2270 tabularum
538 2246 666 2275 duarum,
681 2246 757 2278 quod
777 2246 903 2270 sedimen
925 2253 986 2270 cum
1007 2247 1091 2270 terris
1110 2247 1222 2270 tenetur
1242 2253 1291 2277 per
1310 2245 1545 2269 Marcoardinum
1564 2253 1590 2276 q.
1610 2245 1803 2277 Almengarde
1823 2246 1968 2270 reddendo

119 2292 268 2315 annuatim
283 2292 371 2315 starIa
383 2292 525 2316 sexdecim
546 2292 691 2321 frumenti,
711 2292 810 2316 soldos
830 2293 938 2324 viginti
959 2298 1124 2324 parvorum,
1145 2298 1230 2315 unam
1250 2291 1394 2315 marcham
1408 2291 1472 2321 lini,
1488 2298 1575 2314 unum
1589 2297 1640 2322 par
1659 2291 1812 2322 pullorum,
1825 2298 1882 2315 una
1896 2292 1969 2322 spal-

120 2336 186 2366 lam,
206 2343 293 2360 unam
312 2336 464 2368 fugaciam,
482 2344 539 2360 una
558 2337 706 2368 gallinam,
726 2344 813 2361 unam
832 2337 932 2360 ocham
952 2338 981 2361 et
999 2337 1149 2360 duodecim
1160 2343 1225 2360 ova.
1257 2336 1336 2365 Item,
1349 2342 1435 2359 unum
1449 2335 1577 2359 sedimen
1592 2336 1621 2359 in
1637 2337 1778 2365 contrata,
1793 2343 1845 2367 que
1860 2336 1969 2359 dicitur

119 2380 238 2409 Coruto,
257 2382 344 2405 trium
363 2381 536 2413 perticarum
554 2383 582 2406 et
599 2382 762 2406 tabularum
781 2382 889 2414 viginti
911 2382 1039 2411 duorum,
1059 2382 1103 2405 cui
1124 2381 1237 2405 coheret
1257 2388 1272 2404 a
1292 2387 1372 2405 mane
1390 2380 1506 2405 heredes
1526 2380 1616 2404 Rubei
1635 2381 1778 2412 preconis,
1798 2388 1811 2404 a
1833 2381 1967 2405 nullhora

120 2426 167 2450 via
185 2425 300 2458 publica
313 2427 341 2450 et
355 2433 369 2449 a
384 2433 461 2450 nona
474 2426 501 2450 d.
514 2426 664 2450 Americus
677 2434 703 2458 q.
723 2426 838 2450 Alberti
853 2426 971 2450 notarii.
996 2426 1075 2455 Item,
1089 2433 1173 2449 unam
1189 2426 1297 2457 peciam
1318 2427 1391 2449 terre
1412 2426 1441 2449 in
1457 2426 1598 2455 contrata,
1617 2432 1670 2456 que
1685 2424 1792 2448 dicitur
1805 2424 1968 2453 Vescolani,

120 2470 254 2494 undecim
267 2471 439 2502 perticarum
453 2472 481 2494 et
493 2470 654 2494 tabularum
668 2471 790 2502 triginta
804 2472 920 2503 septem,
940 2471 1054 2495 coheret
1066 2477 1082 2494 a
1096 2478 1177 2494 mane
1191 2472 1217 2494 et
1232 2478 1246 2493 a
1261 2476 1338 2493 nona
1359 2470 1415 2500 via,
1435 2477 1450 2493 a
1463 2476 1524 2493 sero
1544 2470 1572 2493 et
1587 2477 1601 2493 a
1615 2468 1750 2493 nullhora
1764 2469 1967 2493 Marcabrunus

122 2514 155 2538 de
174 2514 280 2539 Padua.
316 2514 396 2543 Item,
416 2521 501 2538 unam
520 2515 631 2546 peciam
649 2516 722 2540 terre
743 2516 772 2539 in
793 2516 934 2544 contrata,
953 2522 1005 2546 que
1025 2515 1132 2539 dicitur
1147 2515 1243 2546 Porta,
1256 2515 1341 2538 unius
1355 2515 1448 2545 campi
1468 2514 1640 2545 perticarum
1654 2514 1741 2537 trium
1761 2515 1789 2538 et
1808 2514 1967 2539 tabularum

121 2559 312 2591 quadraginta
331 2559 464 2591 quinque,
483 2559 596 2583 coheret
615 2567 631 2584 a
651 2560 763 2584 nullora
782 2562 810 2584 et
829 2567 892 2584 sero
914 2560 959 2583 via
978 2561 1113 2584 comunis
1132 2561 1188 2583 eta
1203 2566 1279 2582 nona
1291 2558 1408 2582 heredes
1421 2566 1449 2590 q.
1460 2558 1635 2582 Pertimasii.
1667 2557 1746 2588 Item,
1760 2565 1844 2582 unam
1858 2560 1966 2590 peciam

119 2606 194 2628 terre
212 2604 242 2627 in
262 2605 405 2634 contrata,
424 2611 477 2635 que
495 2603 603 2628 dicitur
621 2605 795 2636 Mardebreo,
816 2605 904 2628 trium
924 2612 1088 2636 camporum
1108 2606 1136 2628 et
1154 2605 1325 2635 perticarum
1346 2611 1406 2632 sex,
1417 2604 1462 2626 cui
1478 2603 1590 2627 coheret
1604 2610 1619 2626 a
1634 2610 1715 2626 mane
1731 2603 1831 2627 Petrus
1847 2603 1967 2627 Corradi

122 2649 240 2677 notarii,
259 2655 275 2673 a
295 2655 357 2673 sero
378 2648 427 2672 via
445 2650 576 2673 comunis
595 2650 623 2673 et
642 2657 656 2673 a
677 2649 812 2674 nullhora
832 2649 968 2673 Albertus
988 2657 1013 2681 q.
1030 2649 1121 2673 Melii.
1159 2649 1238 2677 Item,
1259 2656 1344 2672 unam
1369 2647 1477 2679 peciam
1499 2649 1572 2672 terre
1586 2649 1617 2672 in
1635 2649 1778 2676 contrata,
1797 2655 1850 2678 que
1863 2649 1969 2672 dicitur

121 2693 224 2723 Proha,
238 2695 361 2724 quatuor
380 2700 543 2725 camporum
562 2694 591 2718 et
610 2694 783 2726 perticarum
803 2695 931 2725 duarum,
952 2694 997 2718 cui
1017 2694 1130 2718 coheret
1149 2701 1165 2718 a
1185 2701 1266 2717 mane
1285 2694 1314 2717 et
1333 2700 1347 2716 a
1369 2692 1503 2716 nullhora
1530 2692 1578 2716 via
1605 2693 1742 2720 comunis,
1762 2699 1778 2716 a
1799 2699 1875 2716 nona
1896 2693 1967 2716 dicti

122 2739 273 2769 emptores.
309 2737 389 2767 Item,
410 2745 494 2761 unam
520 2737 629 2769 peciam
650 2739 724 2762 terre
744 2740 774 2762 in
795 2739 873 2763 dicta
893 2740 1025 2763 contrata
1047 2745 1150 2762 novem
1172 2739 1344 2769 perticarum
1364 2744 1426 2760 curn
1450 2736 1581 2766 dimidia,
1601 2738 1645 2760 cui
1666 2737 1780 2760 coheret
1802 2743 1818 2760 a
1838 2743 1901 2760 sero
1921 2737 1970 2761 via

124 2784 263 2812 comunis,
282 2790 298 2806 a
319 2789 396 2807 nona
415 2783 531 2806 heredes
550 2782 642 2807 Rubei
662 2785 803 2815 preconis,
828 2790 844 2808 a
864 2790 946 2807 mane
965 2783 1101 2808 Albertus
1121 2791 1146 2814 q.
1167 2782 1258 2806 Meni.
1294 2782 1373 2810 Item,
1388 2789 1473 2806 unam
1494 2782 1603 2813 peciam
1624 2782 1698 2805 terre
1712 2782 1741 2805 in
1755 2782 1897 2810 contrata,
1917 2789 1968 2813 que

123 2827 229 2852 dieitur
242 2827 345 2856 Proha,
365 2829 488 2859 quatuor
501 2834 675 2858 camporum,
689 2829 860 2859 perticarum
880 2828 1007 2857 duarum,
1023 2829 1067 2852 cui
1084 2828 1198 2853 coheret
1211 2834 1227 2850 a
1246 2833 1328 2851 mane
1342 2828 1369 2851 et
1385 2833 1400 2850 a
1414 2825 1549 2850 nullhora
1563 2827 1611 2849 via
1624 2826 1755 2849 comunis
1775 2832 1791 2849 a
1805 2833 1881 2849 nona
1898 2826 1969 2851 dicti

119 2872 270 2904 emptores.
306 2871 387 2901 Item,
405 2879 491 2895 unam
511 2873 620 2903 peciam
638 2872 711 2896 terre
731 2873 761 2896 in
781 2874 912 2897 contrata
931 2872 1061 2904 predicta
1082 2878 1183 2896 nutem
1203 2872 1374 2903 perticarum
1393 2878 1456 2894 cum
1476 2870 1605 2901 dimidia,
1619 2871 1663 2894 cui
1684 2870 1797 2894 coheret
1817 2878 1831 2894 a
1845 2877 1907 2894 sero
1924 2872 1971 2895 via

121 2917 260 2947 comunis,
277 2924 292 2940 a
313 2923 390 2940 nona
409 2916 524 2940 heredes
543 2916 633 2940 Rubei
655 2918 784 2948 preconis
803 2919 831 2942 et
851 2925 866 2942 a
885 2924 968 2942 mane
986 2917 1122 2941 Albertus
1136 2924 1162 2947 q.
1176 2916 1267 2940 Melii.
1303 2915 1382 2944 Item,
1397 2922 1483 2939 unam
1503 2916 1612 2946 peciam
1626 2916 1700 2946 prati
1721 2916 1749 2938 et
1768 2916 1840 2939 terre
1861 2916 1890 2939 in
1906 2923 1971 2940 con-

57 2959 93 2986 60
125 2962 209 2991 trata,
231 2967 283 2993 que
307 2961 414 2985 dicitur
434 2960 623 2990 l’redalmare,
642 2961 729 2984 trium
750 2968 914 2993 camporum
934 2962 962 2986 et
982 2963 1154 2993 perticarum
1173 2961 1268 2993 trium,
1290 2961 1334 2985 cui
1349 2960 1463 2984 coheret
1483 2967 1497 2984 a
1517 2966 1598 2983 mane
1618 2958 1801 2984 Crescentius
1816 2959 1974 2992 Campana,
