2290 3449
237 309 307 340 126.
335 309 437 350 [126J.
463 326 502 332 -
528 308 568 340 In
592 308 712 351 quello
741 308 930 340 medesimo
955 307 1146 343 millesimo,
1173 306 1230 337 del
1255 316 1348 338 mese
1373 306 1417 338 de
1441 307 1651 348 septembre,
1675 319 1787 340 meser
1810 308 1906 351 Acco
1932 309 1992 341 Vi-

143 367 265 394 sconte
289 371 356 393 con
380 362 391 393 i
414 361 544 405 signori
569 362 663 394 dalla
687 361 800 399 Scala,
825 371 936 392 meser
958 360 1115 392 Marsilio
1139 359 1183 390 da
1207 358 1357 390 Carrara
1381 365 1415 390 et
1438 360 1516 391 tutti
1541 360 1551 390 i
1576 360 1655 392 altri
1680 360 1723 392 de
1746 372 1807 393 soa
1824 363 1893 405 liga
1910 372 1992 404 pose

143 425 266 456 campo
290 415 426 447 intorno
450 426 470 446 a
494 416 678 457 Bergamo‚
702 415 736 446 in
760 414 794 446 lo
818 414 899 456 qual
924 424 1048 455 campo
1073 413 1104 444 el
1129 412 1329 444 sovradicto
1354 422 1466 444 meser
1490 413 1645 445 Mai-silio
1670 415 1716 445 fe'
1735 415 1878 456 apichar
1894 416 1991 447 molti

142 467 322 500 Todeschi
347 479 410 510 per
433 479 503 500 una
526 469 636 509 preda
659 469 797 506 iniusta,
814 468 847 499 la
863 467 964 509 quale
988 467 1046 498 elli
1071 467 1182 497 havea
1206 465 1304 503 satta,
1328 467 1420 497 unde
1446 466 1491 497 ad
1515 466 1570 507 po’
1595 467 1662 498 ello
1680 468 1716 499 fo
1741 468 1846 500 molto
1863 468 1992 500 odiado

101 520 119 552 5
143 522 201 554 dai
223 522 411 554 Todeschi.

235 638 304 671 127.
333 638 439 678 [127].
464 656 508 660 —
530 639 570 669 In
593 638 710 680 quello
726 637 916 674 millesimo,
933 635 1056 668 siando
1071 645 1182 666 meser
1207 634 1365 666 Marsilio
1384 641 1501 666 rector
1525 635 1561 666 in
1586 635 1699 667 Brexa
1723 643 1756 668 et
1773 638 1935 669 temando
1959 637 1991 669 la

142 691 296 734 vignuda
321 692 378 723 del
402 703 439 723 re
463 692 593 736 Coane,
618 691 685 723 ello
710 690 800 732 parti
823 691 867 721 de
891 701 936 720 un
960 699 1046 731 gran
1078 699 1176 720 muro
1207 688 1241 719 la
1273 688 1340 720 cita
1367 689 1410 720 de
1438 687 1552 719 Brexa
1584 695 1618 720 et
1642 689 1687 721 fe’
1711 690 1830 721 ruinar
1861 691 1919 732 piu
1947 690 1991 722 de

142 751 279 776 sesanta
307 744 453 776 castelli:
479 745 535 786 po'
560 744 651 776 forni
674 745 708 775 la
732 749 826 775 terra
850 753 868 773 e
893 742 915 772 ’1
941 741 1072 773 castelo
1098 741 1141 773 de
1166 747 1269 784 gente
1296 747 1330 773 et
1355 740 1399 772 de
1423 746 1511 773 tutte
1536 741 1566 772 le
1592 752 1671 774 cose
1696 742 1890 785 bisognose.

238 855 307 886 128.
333 853 438 897 [128].
464 872 504 877 -
528 853 595 885 Nel
618 852 798 884 millesimo
822 851 1022 890 medesimo‚
1047 851 1104 883 del
1137 862 1229 882 mese
1255 852 1298 883 de
1323 857 1457 893 agosto‚
1483 852 1516 883 el
1541 863 1577 883 re
1604 852 1769 896 Covanne
1795 854 1921 885 mando
1954 864 1990 885 so

80 908 118 938 10
143 907 234 944 tiolo,
258 908 302 939 da
325 908 383 948 po’
405 908 640 949 imperadore,
665 906 727 947 000
753 915 864 936 meser
886 905 1006 942 Karlo,
1030 915 1050 935 a
1075 904 1229 942 Verona,
1248 905 1279 936 el
1297 906 1379 947 qual
1396 915 1464 936 con
1480 905 1605 947 grandi
1624 905 1745 937 honori
1762 907 1798 938 fo
1815 907 1990 938 recevudo

143 961 199 991 dai
225 960 353 1003 signori
378 970 489 991 meser
512 959 657 991 Alberto
681 965 717 991 et
739 957 867 989 Mastin
885 958 964 989 dala
981 956 1085 989 Scala
1110 963 1145 989 et
1169 958 1213 988 da
1229 969 1343 989 meser
1359 958 1515 989 Marsilio
1533 959 1578 989 da
1602 957 1762 990 Carrara.
1809 959 1853 990 Et
1871 960 1915 991 da
1932 959 1988 1000 po'

141 1014 306 1045 recevudi
331 1013 426 1044 molti
451 1019 486 1045 et
514 1023 599 1054 gran
625 1011 708 1043 doni
731 1010 902 1043 cavalchb
926 1022 947 1042 a
963 1011 1107 1042 Trento.
1154 1011 1207 1042 Da
1231 1011 1297 1052 po’,
1323 1011 1378 1042 adi
1395 1021 1502 1043 XVIIII
1520 1011 1564 1043 de
1582 1017 1729 1050 ottovre‚
1746 1012 1777 1042 el
1797 1013 1989 1044 sovraditto

141 1077 178 1098 re
203 1067 367 1110 ,Covanne
391 1067 424 1098 in
454 1075 602 1107 persona
626 1075 740 1096 venne
764 1065 798 1096 in
823 1064 975 1096 Verona.
1023 1063 1066 1095 Al
1092 1066 1172 1106 qual
1197 1076 1259 1105 per
1284 1065 1292 1095 i
1316 1065 1497 1096 sovraditti
1522 1066 1653 1107 signori
1678 1065 1834 1103 Alberto,
1858 1065 1987 1097 Mastin

143 1126 176 1151 et
201 1120 355 1152 Marsilio
380 1120 418 1152 fo
441 1118 640 1161 presentadi
666 1118 846 1150 bellissimi
870 1118 1039 1150 dextrieri
1065 1124 1100 1150 et
1125 1118 1201 1149 altri
1227 1118 1430 1149 nobilissimi
1455 1118 1550 1150 doni.
1598 1119 1642 1150 Et
1666 1118 1693 1150 51
1718 1119 1818 1151 trattb
1840 1120 1872 1150 el
1897 1118 1987 1151 ditto

78 1173 114 1203 15
140 1184 176 1204 re
201 1173 365 1218 §jovanne
390 1173 416 1203 51
441 1173 641 1213 domestega
666 1176 700 1202 et
717 1171 1007 1213 amigevolmente
1032 1172 1042 1202 i
1067 1171 1144 1202 ditti
1169 1171 1310 1213 signori,
1327 1182 1428 1203 como
1453 1183 1488 1202 se
1514 1172 1620 1203 ellino
1645 1184 1689 1204 no
1708 1172 1738 1203 ie
1756 1172 1901 1204 havesse
1922 1172 1989 1203 mai

140 1227 225 1258 tolto
248 1227 282 1258 la
306 1226 389 1258 citta
413 1226 456 1257 de
481 1225 592 1256 Brexa
616 1226 660 1256 de
685 1235 745 1256 soa
768 1225 932 1267 signoria.
981 1225 1022 1255 El
1047 1225 1129 1266 qual
1153 1235 1190 1256 re
1215 1225 1360 1268 Cuanne
1386 1225 1596 1266 partandose
1621 1225 1664 1257 da
1683 1225 1836 1264 Verona,
1861 1227 1989 1257 mesier

140 1279 296 1311 Marsilio
319 1278 536 1321 acompagno
561 1278 629 1310 fina
652 1277 722 1310 alla
746 1277 862 1310 Clusa.

231 1394 302 1425 129,
327 1393 430 1435 [129].
456 1411 497 1416 --
521 1393 653 1425 Siando
678 1403 790 1425 meser
806 1393 964 1424 Marsilio
982 1394 1026 1425 da
1043 1394 1191 1426 Carrara
1208 1399 1348 1431 restore,
1366 1405 1466 1426 como
1485 1395 1528 1426 de
1547 1405 1647 1426 sovra
1663 1394 1682 1426 ὲ
1701 1395 1800 1432 ditto,
1818 1395 1853 1426 in
1870 1394 1984 1427 Brexa

140 1453 173 1479 et
196 1447 318 1479 siando
341 1457 405 1489 per
428 1447 545 1490 alguni
568 1447 642 1478 suoi
666 1447 778 1479 stretti
803 1447 881 1478 fatti
905 1447 1059 1489 vignudo
1084 1459 1102 1478 a
1131 1447 1273 1479 Verona
1298 1457 1439 1489 apresso
1463 1449 1620 1490 isignori
1645 1458 1758 1480 meser
1781 1448 1928 1480 Alberto
1954 1456 1988 1480 et

73 1501 114 1533 20
137 1500 265 1533 Mastin
291 1501 384 1533 dalla
409 1500 521 1537 Scala,
554 1500 621 1532 ello
652 1500 740 1531 have
772 1500 912 1532 novella
945 1500 1009 1532 che
1041 1502 1192 1532 madona
1218 1501 1454 1533 Bartholamia
1478 1501 1514 1532 di
1541 1501 1737 1543 Scrovigni,
1765 1512 1826 1533 soa
1849 1502 1988 1539 moiere‚

137 1565 238 1595 presa
261 1555 306 1586 da
328 1564 436 1596 grave
460 1553 611 1591 malatia‚
636 1553 748 1585 subito
773 1564 832 1585 era
856 1560 967 1585 morta
991 1555 1027 1585 in
1059 1554 1182 1587 Brexa.
1230 1554 1299 1586 Per
1324 1555 1355 1586 la
1379 1555 1459 1596 qual
1491 1565 1573 1586 cosa
1604 1555 1661 1586 del
1686 1561 1774 1586 tutto
1801 1555 1868 1586 ello
1892 1556 1986 1588 volse

139 1618 232 1639 esser
255 1613 290 1639 et
311 1608 349 1640 fo
374 1608 442 1639 alla
465 1608 642 1649 sepoltura
665 1607 758 1639 della
782 1607 869 1639 ditta
893 1608 1067 1639 madonna
1101 1608 1350 1644 Bartholamia,
1382 1608 1517 1640 benche
1541 1609 1601 1649 poi
1632 1609 1701 1640 ello
1733 1608 1780 1639 fe'
1812 1615 1930 1650 portar
1954 1610 1986 1640 el

135 1670 173 1692 so
197 1670 303 1702 corpo
329 1672 348 1692 a
372 1660 466 1693 Pava
487 1667 522 1692 et
546 1660 631 1692 fello
655 1666 780 1692 metter
804 1660 838 1692 in
865 1672 932 1692 una
964 1661 1056 1692 bella
1080 1661 1187 1692 archa
1212 1661 1247 1692 in
1270 1661 1303 1693 lo
1336 1661 1438 1704 luogo
1465 1661 1499 1693 di
1532 1662 1586 1692 fra
1617 1662 1752 1693 menori
1783 1661 1814 1693 al
1838 1661 1982 1693 Sancto.

139 1713 200 1744 Ma
226 1714 394 1756 stagando
418 1715 477 1756 poi
511 1724 624 1746 meser
646 1714 805 1745 Marsilio
830 1725 849 1746 a
874 1714 989 1745 Brexa
1013 1725 1079 1755 pur
1104 1715 1177 1746 cosi
1201 1715 1286 1752 solo,
1312 1725 1417 1754 sen-‚sa
1440 1714 1580 1752 moiere‚
1605 1725 1651 1745 un
1675 1714 1721 1752 di,
1746 1715 1869 1746 siando
1894 1714 1929 1746 in
1953 1715 1986 1746 13

73 1767 114 1797 25
139 1777 198 1798 soa
221 1777 371 1804 camera,
396 1768 462 1799 ello
486 1767 655 1809 comencb
679 1779 699 1798 a
723 1767 892 1799 favellare
924 1769 978 1799 fra
1002 1767 1030 1798 51
1054 1768 1263 1800 medesimo:
1298 1768 1362 1799 “Io
1387 1778 1426 1799 so
1451 1768 1549 1809 quasi
1583 1769 1701 1810 signor
1724 1768 1761 1799 in
1786 1769 1819 1799 la
1844 1768 1910 1799 cita
1942 1768 1986 1799 de

145 1818 298 1855 “Brexa;
324 1820 358 1852 io
382 1820 427 1852 ho
453 1821 592 1863 richeca
615 1830 718 1864 senca
743 1831 897 1858 numero,
924 1826 957 1852 et
983 1821 1063 1863 ogni
1087 1832 1180 1859 cosa,
1206 1821 1297 1852 ch’io
1321 1822 1492 1853 comando
1511 1822 1547 1852 in
1564 1822 1595 1852 la
1619 1820 1766 1852 Marcha
1790 1821 1984 1857 Trivisana‚

143 1874 157 1889 ‘⁴
171 1872 250 1904 vien
273 1873 436 1906 obedido.
482 1873 544 1905 Ma
568 1885 633 1915 pur
655 1874 689 1905 io
706 1884 744 1905 so
768 1874 842 1905 solo
867 1880 902 1905 et
925 1873 952 1905 si
970 1884 1024 1905 me
1042 1884 1129 1917 veco
1147 1885 1207 1916 per
1223 1874 1356 1906 invidia
1381 1885 1450 1906 non
1474 1875 1572 1905 viver
1595 1884 1701 1916 501103
1717 1874 1888 1916 perigolo‚
1906 1884 1985 1915 per-

145 1925 236 1957 “che
259 1937 372 1957 meser
394 1925 510 1958 Guido
535 1932 569 1958 et
600 1926 693 1958 Azzo
725 1926 771 1958 da
801 1927 957 1969 Correeo
983 1926 1002 1958 ὲ
1034 1937 1099 1968 pur
1131 1927 1274 1958 barbam
1307 1928 1342 1958 di
1367 1927 1496 1969 signori
1530 1927 1624 1958 dalla
1655 1926 1771 1965 Scala,
1802 1933 1837 1958 et
1868 1946 1885 1956 0
1918 1937 1984 1968 pur

145 1978 278 2022 “chaca
301 1978 345 2010 de
370 1979 492 2011 Parma
515 1990 579 2021 per
601 1980 668 2011 mie
693 1980 789 2011 cosin
815 1980 849 2011 di
873 1980 996 2012 Rossi:
1022 1986 1056 2012 et
1080 1991 1144 2022 per
1167 1985 1298 2022 questo,
1323 1979 1501 2012 habiando
1517 1980 1710 2021 suspettion
1736 1981 1802 2011 che
1827 1979 1858 2011 io
1883 1989 1927 2011 no
1951 1979 1983 2010 ie

73 2032 114 2062 30
145 2034 306 2075 “0111ρ3ςὶ
331 2032 364 2063 13
387 2033 543 2075 signoria
567 2034 609 2064 de
633 2033 768 2071 Parma,
794 2034 879 2074 pora
903 2043 1074 2075 procurat
1098 2043 1164 2065 con
1190 2034 1199 2063 i
1226 2034 1303 2065 ditti
1327 2034 1377 2065 soi
1401 2034 1530 2065 nevodi
1555 2033 1589 2064 la
1613 2038 1722 2064 morte
1746 2033 1824 2064 mia.
1872 2033 1983 2075 Pereo

145 2087 158 2101 “
174 2084 192 2116 ὲ
215 2085 306 2117 bona
331 2096 422 2124 cosa,
446 2085 491 2116 fin
515 2085 605 2117 ch'io
629 2086 674 2117 ho
699 2091 830 2128 tempo,
853 2085 1029 2127 proveder
1046 2097 1066 2117 a
1089 2087 1201 2129 questi
1219 2086 1367 2128 perigoli
1385 2092 1419 2117 et
1436 2096 1535 2118 come
1560 2085 1592 2117 io
1611 2085 1706 2118 torro
1730 2085 1773 2117 de
1793 2086 1932 2129 volonth
1949 2085 1984 2117 di

144 2140 157 2155 ‘⁴
171 2139 302 2180 signori
318 2138 459 2180 preditti
478 2139 570 2171 dalla
593 2138 698 2171 Scala
713 2150 776 2181 per
793 2141 924 2171 moiere
942 2140 1118 2172 madonna
1135 2140 1301 2176 Beatrise‚
1318 2140 1397 2170 fiola
1415 2140 1457 2170 de
1474 2149 1588 2170 meser
1613 2139 1702 2171 Guio
1721 2140 1766 2170 da
1782 2138 1938 2181 Correco
1952 2162 1982 2177 „.

138 2191 183 2223 Et
205 2192 276 2222 0051
299 2192 413 2234 quello
439 2192 528 2224 ch'el
551 2193 658 2233 penso
681 2194 735 2224 fra
757 2193 806 2230 50,
831 2194 957 2225 mando
982 2194 1027 2225 ad
1053 2194 1186 2225 effetto.
1226 2192 1331 2224 Unde
1354 2203 1418 2234 per
1443 2193 1566 2234 papale
1586 2193 1827 2234 dispensation
1844 2192 1879 2223 fo
1897 2194 1983 2224 fatte

138 2255 236 2287 noce,
259 2255 323 2286 per
347 2245 377 2276 le
402 2245 503 2287 quale
528 2247 563 2277 fo
587 2245 775 2278 celebrada
799 2257 820 2277 a
847 2247 985 2278 Verona
1003 2253 1097 2278 corte
1115 2246 1294 2289 generale,
1311 2246 1378 2276 alla
1395 2246 1476 2288 qual
1492 2246 1529 2277 fo
1547 2246 1626 2277 tutti
1644 2246 1653 2276 i
1673 2246 1779 2277 nobili
1797 2246 1840 2277 de
1857 2245 1983 2283 Brexa,

70 2298 111 2328 35
137 2298 180 2329 de
206 2298 356 2335 Verona,
381 2299 424 2330 de
448 2298 543 2340 Pava
565 2305 600 2331 et
623 2299 715 2331 della
738 2299 886 2339 Marcha
910 2300 1107 2338 Trivisana‚
1125 2306 1159 2331 et
1182 2300 1252 2331 cosi
1269 2305 1354 2331 tutte
1372 2300 1404 2330 le
1423 2301 1538 2330 donne
1555 2299 1673 2330 nobile
1692 2308 1758 2330 con
1776 2298 1857 2330 belli
1874 2309 1982 2340 appa-

136 2351 381 2383 recchiamenti
407 2353 450 2384 de
482 2352 675 2385 vestimenti
707 2359 741 2384 et
766 2364 833 2385 con
864 2364 951 2396 gran
985 2354 1194 2396 compagnia
1227 2353 1269 2384 de
1301 2352 1491 2384 chavalieri
1517 2358 1551 2383 et
1576 2353 1620 2384 de
1652 2352 1781 2384 homini
1807 2352 1850 2384 de
1875 2358 1983 2384 corte.

137 2405 187 2436 Fo
211 2404 296 2436 fatte
320 2404 475 2447 bagordi‚
501 2412 624 2447 eostre,
647 2406 792 2438 tornieri
816 2412 851 2438 et
874 2407 955 2450 ogni
980 2407 1088 2448 pensa
1111 2406 1239 2448 solaco.
1286 2406 1331 2437 Et
1356 2406 1392 2437 fo
1416 2406 1449 2437 la
1474 2411 1570 2436 corte
1595 2405 1759 2448 generale
1777 2404 1820 2436 de
1838 2404 1873 2436 di
1891 2406 1982 2442 dese,

136 2457 204 2488 alla
227 2458 328 2499 quale
353 2458 390 2489 fo
415 2459 620 2499 presentade
644 2465 739 2491 veste
764 2465 1001 2501 quatrocento.
1045 2459 1240 2491 Celebrade
1258 2459 1314 2500 poi
1332 2459 1363 2490 le
1381 2468 1483 2501 noce,
1506 2458 1537 2489 el
1555 2458 1744 2490 sovraditto
1761 2468 1875 2489 meser
1890 2457 1983 2489 Mar-

134 2510 210 2541 silio
234 2511 278 2542 da
301 2511 449 2542 Carrara
472 2511 518 2542 fe'
543 2511 718 2543 bellissimi
742 2513 894 2554 presenti
920 2519 954 2544 et
978 2513 1033 2544 de'
1058 2512 1244 2544 bellissime
1263 2518 1355 2543 veste
1381 2524 1400 2543 a
1423 2517 1508 2543 tutte
1535 2511 1566 2542 10
1590 2510 1706 2542 donne
1723 2517 1757 2542 et
1781 2510 1983 2550 chavalieri‚

71 2565 113 2595 40
138 2569 171 2595 et
195 2564 269 2595 cosi
293 2564 360 2606 agli
386 2564 517 2596 homini
541 2565 584 2596 de
608 2571 716 2604 corte,
741 2572 775 2597 et
800 2577 819 2597 a
843 2566 953 2608 quilli,
977 2567 1042 2598 che
1068 2566 1217 2598 mancho
1242 2566 1274 2597 10
1299 2571 1406 2601 veste.
1432 2565 1499 2596 ello
1524 2565 1570 2596 fe’
1602 2564 1777 2606 provision
1802 2565 1837 2595 in
1862 2575 1922 2596 oro
1947 2570 1982 2596 et

136 2623 298 2659 argentm
322 2617 559 2649 ultimamente
583 2618 653 2659 poi,
677 2620 858 2651 rendando
889 2621 1001 2662 gratie
1025 2630 1046 2650 a
1070 2619 1223 2662 caschun
1256 2619 1314 2650 dei
1340 2618 1421 2650 doni
1449 2624 1484 2649 et
1508 2618 1604 2661 degli
1637 2618 1734 2649 onori
1767 2629 1786 2648 3
1810 2617 1857 2649 lui
1893 2617 1981 2655 fatti,

135 2670 189 2702 de'
214 2670 323 2702 libera
350 2671 496 2703 licencia
519 2682 540 2702 a
562 2672 641 2704 tutti
665 2673 722 2704 del
746 2674 886 2715 partire.
935 2674 978 2705 Et
1003 2674 1040 2706 fo
1065 2674 1096 2705 10
1122 2673 1274 2714 preditte
1292 2682 1372 2704 cose
1390 2672 1424 2703 in
1443 2671 1694 2703 milletresento
1718 2677 1832 2703 trenta
1848 2678 1981 2714 quatro,

135 2734 156 2755 a
180 2724 213 2756 (11
237 2724 373 2757 tredese
399 2725 442 2757 de
467 2725 550 2756 luio.

227 2840 297 2871 130.
325 2839 430 2880 [130].
448 2860 489 2865 -
506 2839 562 2872 Ne
586 2841 700 2873 l'anno
718 2841 775 2874 del
792 2842 919 2885 Signor
943 2843 1038 2874 mille
1063 2847 1215 2874 tresento
1240 2841 1495 2883 trentacinque,
1512 2840 1570 2872 del
1587 2851 1681 2872 mese
1706 2841 1748 2871 de
1774 2840 1980 2881 septembre,

68 2892 108 2923 45
133 2902 244 2924 meser
267 2892 423 2925 Marsilio
446 2893 613 2925 renuncio
637 2894 671 2925 al
694 2895 887 2937 regimento
905 2897 948 2928 de
974 2896 1096 2934 Brexa,
1121 2895 1153 2926 al
1179 2895 1257 2938 qual
1283 2894 1433 2926 succede
1459 2904 1570 2925 meser
1594 2893 1783 2925 Manfredo
1801 2893 1979 2924 marchese

134 2945 340 2987 Malaspina.

265 3071 299 3095 T.
318 3069 408 3100 xvn,
427 3078 454 3103 p.
474 3076 485 3095 1
505 3085 536 3088 -
560 3077 601 3103 17.
