<?xml version="1.0" encoding="UTF-8"?>
<!DOCTYPE html PUBLIC "-//W3C//DTD XHTML 1.0 Transitional//EN"
    "http://www.w3.org/TR/xhtml1/DTD/xhtml1-transitional.dtd">
<html xmlns="http://www.w3.org/1999/xhtml" xml:lang="en" lang="en">
 <head>
  <title>
</title>
<meta http-equiv="Content-Type" content="text/html;charset=utf-8" />
  <meta name='ocr-system' content='tesseract 3.04.00' />
  <meta name='ocr-capabilities' content='ocr_page ocr_carea ocr_par ocr_line ocrx_word'/>
</head>
<body>
  <div class='ocr_page' id='page_1' title='image "./p1f14rerumitalica17murauoft_0078.png"; bbox 0 0 2290 3449; ppageno 0'>
   <div class='ocr_carea' id='block_1_1' title="bbox 320 214 1818 254">
    <p class='ocr_par' dir='ltr' id='par_1_1' title="bbox 320 214 1818 254">
     <span class='ocr_line' id='line_1_1' title="bbox 320 214 1818 254; baseline -0.001 -4"><span class='ocrx_word' id='word_1_1' title='bbox 320 214 393 254; x_wconf 88' lang='lat'>278</span> <span class='ocrx_word' id='word_1_2' title='bbox 670 215 843 251; x_wconf 90' lang='lat' dir='ltr'>GESTA</span> <span class='ocrx_word' id='word_1_3' title='bbox 866 216 1177 252; x_wconf 85' lang='lat' dir='ltr'>MAGNIFICA</span> <span class='ocrx_word' id='word_1_4' title='bbox 1205 214 1394 250; x_wconf 91' lang='lat' dir='ltr'>DOMUS</span> <span class='ocrx_word' id='word_1_5' title='bbox 1422 214 1818 251; x_wconf 91' lang='lat' dir='ltr'><strong>CARRARIENSIS</strong></span> 
     </span>
    </p>
   </div>
   <div class='ocr_carea' id='block_1_2' title="bbox 374 287 1879 300">
    <p class='ocr_par' dir='ltr' id='par_1_2' title="bbox 374 287 1879 300">
     <span class='ocr_line' id='line_1_2' title="bbox 374 287 1879 300; baseline 0 0"><span class='ocrx_word' id='word_1_6' title='bbox 374 287 1879 300; x_wconf 95' lang='lat' dir='ltr'> </span> 
     </span>
    </p>
   </div>
   <div class='ocr_carea' id='block_1_3' title="bbox 316 345 2158 425">
    <p class='ocr_par' dir='ltr' id='par_1_3' title="bbox 316 345 2158 425">
     <span class='ocr_line' id='line_1_3' title="bbox 405 345 2158 381; baseline 0.001 -10"><span class='ocrx_word' id='word_1_7' title='bbox 405 345 465 371; x_wconf 85' lang='lat'><strong>214.</strong></span> <span class='ocrx_word' id='word_1_8' title='bbox 486 345 549 380; x_wconf 82' lang='lat'>[168</span> <span class='ocrx_word' id='word_1_9' title='bbox 560 347 607 379; x_wconf 84' lang='lat' dir='ltr'>A].</span> <span class='ocrx_word' id='word_1_10' title='bbox 627 362 659 365; x_wconf 97' lang='lat'><strong>—</strong></span> <span class='ocrx_word' id='word_1_11' title='bbox 679 348 812 377; x_wconf 76' lang='lat' dir='ltr'>Karolus,</span> <span class='ocrx_word' id='word_1_12' title='bbox 830 349 884 372; x_wconf 89' lang='lat' dir='ltr'>Dei</span> <span class='ocrx_word' id='word_1_13' title='bbox 904 350 1000 380; x_wconf 82' lang='lat' dir='ltr'>gracia</span> <span class='ocrx_word' id='word_1_14' title='bbox 1022 348 1213 372; x_wconf 86' lang='lat' dir='ltr'>Romanorum</span> <span class='ocrx_word' id='word_1_15' title='bbox 1236 355 1294 377; x_wconf 86' lang='lat' dir='ltr'>rex,</span> <span class='ocrx_word' id='word_1_16' title='bbox 1313 354 1421 380; x_wconf 82' lang='lat' dir='ltr'>semper</span> <span class='ocrx_word' id='word_1_17' title='bbox 1446 349 1591 378; x_wconf 79' lang='lat' dir='ltr'>augustus,</span> <span class='ocrx_word' id='word_1_18' title='bbox 1612 349 1639 371; x_wconf 83' lang='lat' dir='ltr'>et</span> <span class='ocrx_word' id='word_1_19' title='bbox 1658 347 1772 371; x_wconf 76' lang='lat' dir='ltr'>Boemle</span> <span class='ocrx_word' id='word_1_20' title='bbox 1792 354 1849 376; x_wconf 84' lang='lat' dir='ltr'>rex,</span> <span class='ocrx_word' id='word_1_21' title='bbox 1870 348 1904 371; x_wconf 86' lang='lat' dir='ltr'>ad</span> <span class='ocrx_word' id='word_1_22' title='bbox 1930 350 2092 381; x_wconf 81' lang='lat' dir='ltr'>perpetuam</span> <span class='ocrx_word' id='word_1_23' title='bbox 2119 349 2158 372; x_wconf 89' lang='lat' dir='ltr'>rei</span> 
     </span>
     <span class='ocr_line' id='line_1_4' title="bbox 316 391 2158 425; baseline 0.001 -11"><span class='ocrx_word' id='word_1_24' title='bbox 316 393 490 415; x_wconf 82' lang='lat' dir='ltr'>memoriam.</span> <span class='ocrx_word' id='word_1_25' title='bbox 527 392 739 423; x_wconf 78' lang='lat' dir='ltr'>Nonnunquam</span> <span class='ocrx_word' id='word_1_26' title='bbox 761 394 955 423; x_wconf 76' lang='lat' dir='ltr'>consequitur,</span> <span class='ocrx_word' id='word_1_27' title='bbox 974 395 1005 416; x_wconf 89' lang='lat' dir='ltr'>ut</span> <span class='ocrx_word' id='word_1_28' title='bbox 1024 400 1038 416; x_wconf 91' lang='lat' dir='ltr'>a</span> <span class='ocrx_word' id='word_1_29' title='bbox 1059 392 1169 416; x_wconf 80' lang='lat' dir='ltr'>iudicio</span> <span class='ocrx_word' id='word_1_30' title='bbox 1190 392 1334 415; x_wconf 84' lang='lat' dir='ltr'>discordet</span> <span class='ocrx_word' id='word_1_31' title='bbox 1353 391 1465 415; x_wconf 80' lang='lat' dir='ltr'>effectus</span> <span class='ocrx_word' id='word_1_32' title='bbox 1484 392 1520 420; x_wconf 81' lang='lat' dir='ltr'>et,</span> <span class='ocrx_word' id='word_1_33' title='bbox 1539 391 1615 422; x_wconf 88' lang='lat' dir='ltr'>quod</span> <span class='ocrx_word' id='word_1_34' title='bbox 1637 391 1802 415; x_wconf 78' lang='lat' dir='ltr'>credebatur</span> <span class='ocrx_word' id='word_1_35' title='bbox 1826 393 1992 416; x_wconf 84' lang='lat' dir='ltr'>coniectura</span> <span class='ocrx_word' id='word_1_36' title='bbox 2017 393 2158 425; x_wconf 81' lang='lat' dir='ltr'>prodesse,</span> 
     </span>
    </p>
   </div>
   <div class='ocr_carea' id='block_1_4' title="bbox 316 434 1649 468">
    <p class='ocr_par' dir='ltr' id='par_1_4' title="bbox 316 434 1649 468">
     <span class='ocr_line' id='line_1_5' title="bbox 316 434 1649 468; baseline 0 -9"><span class='ocrx_word' id='word_1_37' title='bbox 316 436 512 467; x_wconf 84' lang='lat' dir='ltr'>experimento</span> <span class='ocrx_word' id='word_1_38' title='bbox 532 435 653 467; x_wconf 80' lang='lat' dir='ltr'>[Cetera.</span> <span class='ocrx_word' id='word_1_39' title='bbox 671 444 731 468; x_wconf 79' lang='lat' dir='ltr'>cap.</span> <span class='ocrx_word' id='word_1_40' title='bbox 750 443 811 468; x_wconf 82' lang='lat'>214,</span> <span class='ocrx_word' id='word_1_41' title='bbox 831 441 975 468; x_wconf 79' lang='lat' dir='ltr'>sequuntur</span> <span class='ocrx_word' id='word_1_42' title='bbox 989 440 1073 467; x_wconf 76' lang='lat' dir='ltr'>prout</span> <span class='ocrx_word' id='word_1_43' title='bbox 1091 438 1117 460; x_wconf 76' lang='lat' dir='ltr'>iu</span> <span class='ocrx_word' id='word_1_44' title='bbox 1138 437 1171 466; x_wconf 80' lang='lat' dir='ltr'>A,</span> <span class='ocrx_word' id='word_1_45' title='bbox 1191 444 1214 460; x_wconf 89' lang='lat' dir='ltr'>c.</span> <span class='ocrx_word' id='word_1_46' title='bbox 1239 435 1286 460; x_wconf 82' lang='grc'>168</span> <span class='ocrx_word' id='word_1_47' title='bbox 1298 436 1322 460; x_wconf 82' lang='grc' dir='ltr'><em>Α</em></span> <span class='ocrx_word' id='word_1_48' title='bbox 1342 444 1421 467; x_wconf 83' lang='lat' dir='ltr'>usque</span> <span class='ocrx_word' id='word_1_49' title='bbox 1441 436 1479 459; x_wconf 82' lang='lat' dir='ltr'>ad</span> <span class='ocrx_word' id='word_1_50' title='bbox 1495 443 1518 459; x_wconf 89' lang='lat' dir='ltr'>c.</span> <span class='ocrx_word' id='word_1_51' title='bbox 1541 434 1589 459; x_wconf 87' lang='lat'>168</span> <span class='ocrx_word' id='word_1_52' title='bbox 1601 434 1649 467; x_wconf 89' lang='grc' dir='ltr'>Β].</span> 
     </span>
    </p>
   </div>
   <div class='ocr_carea' id='block_1_5' title="bbox 314 522 2162 1132">
    <p class='ocr_par' dir='ltr' id='par_1_5' title="bbox 315 522 2162 646">
     <span class='ocr_line' id='line_1_6' title="bbox 402 522 2160 558; baseline 0.001 -10"><span class='ocrx_word' id='word_1_53' title='bbox 402 522 463 548; x_wconf 85' lang='grc'>215.</span> <span class='ocrx_word' id='word_1_54' title='bbox 481 522 546 555; x_wconf 82' lang='grc'>[168</span> <span class='ocrx_word' id='word_1_55' title='bbox 561 523 603 557; x_wconf 86' lang='grc' dir='ltr'>Β].</span> <span class='ocrx_word' id='word_1_56' title='bbox 623 539 654 543; x_wconf 91' lang='grc'><strong>-</strong></span> <span class='ocrx_word' id='word_1_57' title='bbox 674 526 754 553; x_wconf 82' lang='lat' dir='ltr'>Item,</span> <span class='ocrx_word' id='word_1_58' title='bbox 773 526 820 549; x_wconf 89' lang='lat' dir='ltr'>hic</span> <span class='ocrx_word' id='word_1_59' title='bbox 840 526 870 549; x_wconf 90' lang='lat' dir='ltr'>in</span> <span class='ocrx_word' id='word_1_60' title='bbox 891 526 1088 558; x_wconf 82' lang='lat' dir='ltr'>suprascripto</span> <span class='ocrx_word' id='word_1_61' title='bbox 1108 525 1267 557; x_wconf 80' lang='lat' dir='ltr'>privilegio</span> <span class='ocrx_word' id='word_1_62' title='bbox 1287 525 1322 548; x_wconf 88' lang='lat' dir='ltr'>ab</span> <span class='ocrx_word' id='word_1_63' title='bbox 1350 524 1524 555; x_wconf 72' lang='lat' dir='ltr'>imperatore</span> <span class='ocrx_word' id='word_1_64' title='bbox 1548 524 1658 547; x_wconf 79' lang='lat' dir='ltr'>Karolo</span> <span class='ocrx_word' id='word_1_65' title='bbox 1678 524 1830 556; x_wconf 86' lang='lat' dir='ltr'>magnifico</span> <span class='ocrx_word' id='word_1_66' title='bbox 1849 524 1953 548; x_wconf 80' lang='lat' dir='ltr'>Iacobo</span> <span class='ocrx_word' id='word_1_67' title='bbox 1976 525 2009 548; x_wconf 89' lang='lat' dir='ltr'>de</span> <span class='ocrx_word' id='word_1_68' title='bbox 2029 524 2160 549; x_wconf 77' lang='lat' dir='ltr'>Carraria</span> 
     </span>
     <span class='ocr_line' id='line_1_7' title="bbox 316 569 2162 601; baseline 0.001 -9"><span class='ocrx_word' id='word_1_69' title='bbox 316 569 559 600; x_wconf 78' lang='lat' dir='ltr'>qualitercumque</span> <span class='ocrx_word' id='word_1_70' title='bbox 580 570 691 594; x_wconf 88' lang='lat' dir='ltr'>indulto</span> <span class='ocrx_word' id='word_1_71' title='bbox 712 570 801 594; x_wconf 87' lang='lat' dir='ltr'>multa</span> <span class='ocrx_word' id='word_1_72' title='bbox 822 571 855 594; x_wconf 93' lang='lat' dir='ltr'>ad</span> <span class='ocrx_word' id='word_1_73' title='bbox 876 570 1002 594; x_wconf 80' lang='lat' dir='ltr'>litteram</span> <span class='ocrx_word' id='word_1_74' title='bbox 1024 571 1188 594; x_wconf 91' lang='lat' dir='ltr'>inseruntur</span> <span class='ocrx_word' id='word_1_75' title='bbox 1208 569 1374 601; x_wconf 81' lang='lat' dir='ltr'>privilegia,</span> <span class='ocrx_word' id='word_1_76' title='bbox 1393 570 1426 592; x_wconf 87' lang='lat' dir='ltr'>ut·</span> <span class='ocrx_word' id='word_1_77' title='bbox 1444 569 1644 600; x_wconf 79' lang='lat' dir='ltr'>suprascripsi,</span> <span class='ocrx_word' id='word_1_78' title='bbox 1664 569 1698 592; x_wconf 81' lang='lat' dir='ltr'>ab</span> <span class='ocrx_word' id='word_1_79' title='bbox 1719 570 1846 599; x_wconf 83' lang='lat' dir='ltr'>antiquis</span> <span class='ocrx_word' id='word_1_80' title='bbox 1867 570 2087 600; x_wconf 84' lang='lat' dir='ltr'>imperatoribus</span> <span class='ocrx_word' id='word_1_81' title='bbox 2112 577 2162 593; x_wconf 90' lang='lat' dir='ltr'>no-</span> 
     </span>
     <span class='ocr_line' id='line_1_8' title="bbox 315 613 1278 646; baseline -0.001 -8"><span class='ocrx_word' id='word_1_82' title='bbox 315 613 420 638; x_wconf 73' lang='lat' dir='ltr'>bilibus</span> <span class='ocrx_word' id='word_1_83' title='bbox 441 614 474 637; x_wconf 89' lang='lat' dir='ltr'>de</span> <span class='ocrx_word' id='word_1_84' title='bbox 493 614 625 638; x_wconf 78' lang='lat' dir='ltr'>Carraria</span> <span class='ocrx_word' id='word_1_85' title='bbox 646 616 767 638; x_wconf 83' lang='lat' dir='ltr'>vetustis</span> <span class='ocrx_word' id='word_1_86' title='bbox 786 614 908 643; x_wconf 84' lang='lat' dir='ltr'>indulta,</span> <span class='ocrx_word' id='word_1_87' title='bbox 929 616 956 638; x_wconf 83' lang='lat' dir='ltr'>et</span> <span class='ocrx_word' id='word_1_88' title='bbox 978 615 1069 646; x_wconf 87' lang='lat' dir='ltr'>primo</span> <span class='ocrx_word' id='word_1_89' title='bbox 1094 614 1278 646; x_wconf 82' lang='lat' dir='ltr'>privilegium</span> 
     </span>
    </p>

    <p class='ocr_par' dir='ltr' id='par_1_6' title="bbox 405 658 750 683">
     <span class='ocr_line' id='line_1_9' title="bbox 405 658 750 683; baseline 0.006 -2"><span class='ocrx_word' id='word_1_90' title='bbox 405 658 531 682; x_wconf 86' lang='lat' dir='ltr'>Henrico</span> <span class='ocrx_word' id='word_1_91' title='bbox 550 660 577 682; x_wconf 85' lang='lat' dir='ltr'>et</span> <span class='ocrx_word' id='word_1_92' title='bbox 597 660 682 682; x_wconf 85' lang='lat' dir='ltr'>uxori</span> <span class='ocrx_word' id='word_1_93' title='bbox 702 667 750 683; x_wconf 89' lang='lat' dir='ltr'>sue</span> 
     </span>
    </p>

    <p class='ocr_par' dir='ltr' id='par_1_7' title="bbox 410 703 536 726">
     <span class='ocr_line' id='line_1_10' title="bbox 410 703 536 726; baseline 0.008 -1"><span class='ocrx_word' id='word_1_94' title='bbox 410 703 536 726; x_wconf 84' lang='lat' dir='ltr'>Aleduse</span> 
     </span>
    </p>

    <p class='ocr_par' dir='ltr' id='par_1_8' title="bbox 406 746 541 770">
     <span class='ocr_line' id='line_1_11' title="bbox 406 746 541 770; baseline 0.007 -1"><span class='ocrx_word' id='word_1_95' title='bbox 406 746 541 770; x_wconf 89' lang='lat' dir='ltr'>Marsilio</span> 
     </span>
    </p>

    <p class='ocr_par' dir='ltr' id='par_1_9' title="bbox 405 791 562 815">
     <span class='ocr_line' id='line_1_12' title="bbox 405 791 562 815; baseline 0.006 -1"><span class='ocrx_word' id='word_1_96' title='bbox 405 791 515 814; x_wconf 82' lang='lat' dir='ltr'>Uberto</span> <span class='ocrx_word' id='word_1_97' title='bbox 534 793 562 815; x_wconf 82' lang='lat' dir='ltr'>et</span> 
     </span>
    </p>

    <p class='ocr_par' dir='ltr' id='par_1_10' title="bbox 406 834 1165 867">
     <span class='ocr_line' id='line_1_13' title="bbox 406 834 1165 867; baseline 0.001 -9"><span class='ocrx_word' id='word_1_98' title='bbox 406 835 539 866; x_wconf 87' lang='lat' dir='ltr'>Ugolino</span> <span class='ocrx_word' id='word_1_99' title='bbox 813 835 957 867; x_wconf 82' lang='lat' dir='ltr'>germanis</span> <span class='ocrx_word' id='word_1_100' title='bbox 976 835 1011 859; x_wconf 80' lang='lat' dir='ltr'>do</span> <span class='ocrx_word' id='word_1_101' title='bbox 1030 834 1165 859; x_wconf 80' lang='lat' dir='ltr'>Carraria</span> 
     </span>
    </p>

    <p class='ocr_par' dir='ltr' id='par_1_11' title="bbox 411 879 524 902">
     <span class='ocr_line' id='line_1_14' title="bbox 411 879 524 902; baseline 0 0"><span class='ocrx_word' id='word_1_102' title='bbox 411 879 524 902; x_wconf 82' lang='lat' dir='ltr'>Eriloni</span> 
     </span>
    </p>

    <p class='ocr_par' dir='ltr' id='par_1_12' title="bbox 405 922 567 947">
     <span class='ocr_line' id='line_1_15' title="bbox 405 922 567 947; baseline 0.006 -1"><span class='ocrx_word' id='word_1_103' title='bbox 405 922 518 946; x_wconf 77' lang='lat' dir='ltr'>Litolfo</span> <span class='ocrx_word' id='word_1_104' title='bbox 539 925 567 947; x_wconf 84' lang='lat' dir='ltr'>et</span> 
     </span>
    </p>

    <p class='ocr_par' dir='ltr' id='par_1_13' title="bbox 314 966 2160 1132">
     <span class='ocr_line' id='line_1_16' title="bbox 407 966 562 991; baseline 0.006 -1"><span class='ocrx_word' id='word_1_105' title='bbox 407 966 562 991; x_wconf 84' lang='lat' dir='ltr'>Gumberto</span> 
     </span>
     <span class='ocr_line' id='line_1_17' title="bbox 314 1010 2159 1044; baseline 0 -9"><span class='ocrx_word' id='word_1_106' title='bbox 314 1011 348 1035; x_wconf 88' lang='lat' dir='ltr'>ab</span> <span class='ocrx_word' id='word_1_107' title='bbox 367 1011 492 1034; x_wconf 73' lang='lat' dir='ltr'>Henrico</span> <span class='ocrx_word' id='word_1_108' title='bbox 508 1014 618 1042; x_wconf 69' lang='lat' dir='ltr'>quarto,</span> <span class='ocrx_word' id='word_1_109' title='bbox 637 1010 831 1035; x_wconf 84' lang='lat' dir='ltr'>Romanorum</span> <span class='ocrx_word' id='word_1_110' title='bbox 854 1013 1024 1044; x_wconf 84' lang='lat' dir='ltr'>imperatore</span> <span class='ocrx_word' id='word_1_111' title='bbox 1051 1013 1180 1043; x_wconf 83' lang='lat' dir='ltr'>augusto,</span> <span class='ocrx_word' id='word_1_112' title='bbox 1206 1010 1337 1035; x_wconf 84' lang='lat' dir='ltr'>MC.XIV</span> <span class='ocrx_word' id='word_1_113' title='bbox 1364 1011 1422 1035; x_wconf 89' lang='lat' dir='ltr'>suis</span> <span class='ocrx_word' id='word_1_114' title='bbox 1449 1011 1560 1034; x_wconf 83' lang='lat' dir='ltr'>meritis</span> <span class='ocrx_word' id='word_1_115' title='bbox 1587 1011 1746 1038; x_wconf 60' lang='lat' dir='ltr'>indultum</span> <span class='ocrx_word' id='word_1_116' title='bbox 1773 1011 1847 1042; x_wconf 86' lang='lat' dir='ltr'>quod</span> <span class='ocrx_word' id='word_1_117' title='bbox 1870 1011 2067 1043; x_wconf 87' lang='lat' dir='ltr'>privilegium,</span> <span class='ocrx_word' id='word_1_118' title='bbox 2094 1013 2159 1042; x_wconf 70' lang='lat' dir='ltr'>quia</span> 
     </span>
     <span class='ocr_line' id='line_1_18' title="bbox 316 1055 2160 1089; baseline 0.001 -11"><span class='ocrx_word' id='word_1_119' title='bbox 316 1056 445 1087; x_wconf 77' lang='lat' dir='ltr'>superius</span> <span class='ocrx_word' id='word_1_120' title='bbox 466 1056 494 1079; x_wconf 90' lang='lat' dir='ltr'>in</span> <span class='ocrx_word' id='word_1_121' title='bbox 516 1058 604 1088; x_wconf 77' lang='lat' dir='ltr'>gestis</span> <span class='ocrx_word' id='word_1_122' title='bbox 625 1057 883 1088; x_wconf 86' lang='lat' dir='ltr'>suprascriptorum</span> <span class='ocrx_word' id='word_1_123' title='bbox 905 1056 1048 1080; x_wconf 84' lang='lat' dir='ltr'>nobilium</span> <span class='ocrx_word' id='word_1_124' title='bbox 1069 1056 1102 1079; x_wconf 88' lang='lat' dir='ltr'>de</span> <span class='ocrx_word' id='word_1_125' title='bbox 1122 1055 1255 1080; x_wconf 85' lang='lat' dir='ltr'>Carraria</span> <span class='ocrx_word' id='word_1_126' title='bbox 1277 1057 1338 1088; x_wconf 73' lang='lat' dir='ltr'>ipse</span> <span class='ocrx_word' id='word_1_127' title='bbox 1359 1057 1528 1088; x_wconf 72' lang='lat' dir='ltr'>conscripsi,</span> <span class='ocrx_word' id='word_1_128' title='bbox 1553 1056 1600 1080; x_wconf 90' lang='lat' dir='ltr'>hic</span> <span class='ocrx_word' id='word_1_129' title='bbox 1621 1056 1681 1087; x_wconf 89' lang='lat' dir='ltr'>ipse</span> <span class='ocrx_word' id='word_1_130' title='bbox 1707 1055 1831 1087; x_wconf 81' lang='lat' dir='ltr'>amplius</span> <span class='ocrx_word' id='word_1_131' title='bbox 1857 1056 2009 1080; x_wconf 85' lang='lat' dir='ltr'>rescribere</span> <span class='ocrx_word' id='word_1_132' title='bbox 2029 1063 2160 1089; x_wconf 84' lang='lat' dir='ltr'>superva—</span> 
     </span>
     <span class='ocr_line' id='line_1_19' title="bbox 314 1101 670 1132; baseline 0.003 -9"><span class='ocrx_word' id='word_1_133' title='bbox 314 1107 430 1124; x_wconf 86' lang='lat' dir='ltr'>caneum</span> <span class='ocrx_word' id='word_1_134' title='bbox 451 1102 555 1132; x_wconf 89' lang='lat' dir='ltr'>putans</span> <span class='ocrx_word' id='word_1_135' title='bbox 575 1101 670 1124; x_wconf 86' lang='lat' dir='ltr'>omisi.</span> 
     </span>
    </p>
   </div>
   <div class='ocr_carea' id='block_1_6' title="bbox 310 1196 2159 1320">
    <p class='ocr_par' dir='ltr' id='par_1_14' title="bbox 310 1196 2159 1320">
     <span class='ocr_line' id='line_1_20' title="bbox 399 1196 2159 1231; baseline 0 -9"><span class='ocrx_word' id='word_1_136' title='bbox 399 1196 460 1222; x_wconf 81' lang='lat'>216.</span> <span class='ocrx_word' id='word_1_137' title='bbox 482 1197 545 1229; x_wconf 82' lang='grc'>[168</span> <span class='ocrx_word' id='word_1_138' title='bbox 559 1198 599 1229; x_wconf 67' lang='lat' dir='ltr'>CI.</span> <span class='ocrx_word' id='word_1_139' title='bbox 619 1213 651 1217; x_wconf 91' lang='lat'><strong>—</strong></span> <span class='ocrx_word' id='word_1_140' title='bbox 670 1199 749 1226; x_wconf 82' lang='lat' dir='ltr'>Item.</span> <span class='ocrx_word' id='word_1_141' title='bbox 769 1199 849 1223; x_wconf 83' lang='lat' dir='ltr'>allud</span> <span class='ocrx_word' id='word_1_142' title='bbox 870 1200 1055 1231; x_wconf 87' lang='lat' dir='ltr'>privilegium</span> <span class='ocrx_word' id='word_1_143' title='bbox 1076 1206 1092 1223; x_wconf 79' lang='lat' dir='ltr'>a</span> <span class='ocrx_word' id='word_1_144' title='bbox 1111 1199 1266 1230; x_wconf 79' lang='lat' dir='ltr'>Friderico‚</span> <span class='ocrx_word' id='word_1_145' title='bbox 1287 1198 1481 1223; x_wconf 86' lang='lat' dir='ltr'>Romanorum</span> <span class='ocrx_word' id='word_1_146' title='bbox 1502 1200 1677 1231; x_wconf 84' lang='lat' dir='ltr'>imperatore</span> <span class='ocrx_word' id='word_1_147' title='bbox 1703 1201 1833 1229; x_wconf 82' lang='lat' dir='ltr'>augusto,</span> <span class='ocrx_word' id='word_1_148' title='bbox 1858 1199 1887 1222; x_wconf 87' lang='lat' dir='ltr'>in</span> <span class='ocrx_word' id='word_1_149' title='bbox 1915 1199 2071 1223; x_wconf 83' lang='lat' dir='ltr'>millesimo</span> <span class='ocrx_word' id='word_1_150' title='bbox 2096 1207 2159 1223; x_wconf 90' lang='lat' dir='ltr'>cen—</span> 
     </span>
     <span class='ocr_line' id='line_1_21' title="bbox 311 1243 2157 1276; baseline 0.001 -10"><span class='ocrx_word' id='word_1_151' title='bbox 311 1244 413 1266; x_wconf 81' lang='lat' dir='ltr'>tesimo</span> <span class='ocrx_word' id='word_1_152' title='bbox 434 1244 609 1274; x_wconf 78' lang='lat' dir='ltr'>sexagesimo</span> <span class='ocrx_word' id='word_1_153' title='bbox 631 1244 760 1267; x_wconf 79' lang='lat' dir='ltr'>Marsillo</span> <span class='ocrx_word' id='word_1_154' title='bbox 778 1244 812 1267; x_wconf 86' lang='lat' dir='ltr'>de</span> <span class='ocrx_word' id='word_1_155' title='bbox 831 1243 966 1267; x_wconf 83' lang='lat' dir='ltr'>Carraria</span> <span class='ocrx_word' id='word_1_156' title='bbox 986 1245 1045 1267; x_wconf 87' lang='lat' dir='ltr'>suis</span> <span class='ocrx_word' id='word_1_157' title='bbox 1064 1245 1091 1267; x_wconf 87' lang='lat' dir='ltr'>et</span> <span class='ocrx_word' id='word_1_158' title='bbox 1110 1245 1237 1276; x_wconf 86' lang='lat' dir='ltr'>paternis</span> <span class='ocrx_word' id='word_1_159' title='bbox 1257 1244 1367 1267; x_wconf 83' lang='lat' dir='ltr'>meritis</span> <span class='ocrx_word' id='word_1_160' title='bbox 1388 1243 1542 1272; x_wconf 84' lang='lat' dir='ltr'>indultum,</span> <span class='ocrx_word' id='word_1_161' title='bbox 1562 1244 1637 1274; x_wconf 85' lang='lat' dir='ltr'>quod</span> <span class='ocrx_word' id='word_1_162' title='bbox 1653 1244 1720 1274; x_wconf 89' lang='lat' dir='ltr'>quia</span> <span class='ocrx_word' id='word_1_163' title='bbox 1733 1244 1831 1272; x_wconf 74' lang='lat' dir='ltr'>eciam,</span> <span class='ocrx_word' id='word_1_164' title='bbox 1851 1244 1898 1267; x_wconf 82' lang='lat' dir='ltr'>ubi</span> <span class='ocrx_word' id='word_1_165' title='bbox 1920 1243 1953 1267; x_wconf 87' lang='lat' dir='ltr'>de</span> <span class='ocrx_word' id='word_1_166' title='bbox 1972 1244 2036 1275; x_wconf 88' lang='lat' dir='ltr'>ipso</span> <span class='ocrx_word' id='word_1_167' title='bbox 2057 1244 2157 1268; x_wconf 77' lang='lat' dir='ltr'>Marsi-</span> 
     </span>
     <span class='ocr_line' id='line_1_22' title="bbox 310 1288 1170 1320; baseline 0.001 -9"><span class='ocrx_word' id='word_1_168' title='bbox 310 1288 351 1311; x_wconf 92' lang='lat' dir='ltr'>lio</span> <span class='ocrx_word' id='word_1_169' title='bbox 371 1288 483 1319; x_wconf 87' lang='lat' dir='ltr'>loquor,</span> <span class='ocrx_word' id='word_1_170' title='bbox 502 1289 638 1320; x_wconf 80' lang='lat' dir='ltr'>scriptum</span> <span class='ocrx_word' id='word_1_171' title='bbox 659 1288 693 1312; x_wconf 87' lang='lat' dir='ltr'>ad</span> <span class='ocrx_word' id='word_1_172' title='bbox 712 1289 839 1312; x_wconf 75' lang='lat' dir='ltr'>litteram</span> <span class='ocrx_word' id='word_1_173' title='bbox 860 1291 911 1318; x_wconf 79' lang='lat' dir='ltr'>est,</span> <span class='ocrx_word' id='word_1_174' title='bbox 929 1289 975 1312; x_wconf 86' lang='lat' dir='ltr'>hic</span> <span class='ocrx_word' id='word_1_175' title='bbox 996 1288 1057 1320; x_wconf 86' lang='lat' dir='ltr'>ipse</span> <span class='ocrx_word' id='word_1_176' title='bbox 1076 1289 1170 1312; x_wconf 89' lang='lat' dir='ltr'>omisi.</span> 
     </span>
    </p>
   </div>
   <div class='ocr_carea' id='block_1_7' title="bbox 310 1383 2158 1588">
    <p class='ocr_par' dir='ltr' id='par_1_15' title="bbox 310 1383 2158 1588">
     <span class='ocr_line' id='line_1_23' title="bbox 399 1383 2158 1418; baseline 0.001 -10"><span class='ocrx_word' id='word_1_177' title='bbox 399 1390 458 1415; x_wconf 88' lang='lat'>²17·</span> <span class='ocrx_word' id='word_1_178' title='bbox 478 1383 541 1418; x_wconf 84' lang='lat'>[168</span> <span class='ocrx_word' id='word_1_179' title='bbox 553 1385 601 1417; x_wconf 76' lang='grc' dir='ltr'>Β].</span> <span class='ocrx_word' id='word_1_180' title='bbox 623 1399 655 1403; x_wconf 88' lang='lat'>--</span> <span class='ocrx_word' id='word_1_181' title='bbox 675 1386 754 1413; x_wconf 76' lang='lat' dir='ltr'>Item,</span> <span class='ocrx_word' id='word_1_182' title='bbox 776 1386 852 1410; x_wconf 86' lang='lat' dir='ltr'>allud</span> <span class='ocrx_word' id='word_1_183' title='bbox 874 1386 1060 1418; x_wconf 83' lang='lat' dir='ltr'>privilegium</span> <span class='ocrx_word' id='word_1_184' title='bbox 1081 1386 1114 1410; x_wconf 88' lang='lat' dir='ltr'>ab</span> <span class='ocrx_word' id='word_1_185' title='bbox 1134 1388 1308 1418; x_wconf 85' lang='lat' dir='ltr'>imperatore</span> <span class='ocrx_word' id='word_1_186' title='bbox 1327 1386 1475 1416; x_wconf 85' lang='lat' dir='ltr'>Friderico</span> <span class='ocrx_word' id='word_1_187' title='bbox 1496 1387 1615 1410; x_wconf 87' lang='lat' dir='ltr'>domino</span> <span class='ocrx_word' id='word_1_188' title='bbox 1633 1385 1779 1414; x_wconf 84' lang='lat' dir='ltr'>Iacobino,</span> <span class='ocrx_word' id='word_1_189' title='bbox 1800 1386 1861 1410; x_wconf 81' lang='lat' dir='ltr'>filio</span> <span class='ocrx_word' id='word_1_190' title='bbox 1889 1386 2012 1410; x_wconf 83' lang='lat' dir='ltr'>Marsilii</span> <span class='ocrx_word' id='word_1_191' title='bbox 2035 1386 2069 1410; x_wconf 90' lang='lat' dir='ltr'>de</span> <span class='ocrx_word' id='word_1_192' title='bbox 2089 1386 2158 1410; x_wconf 77' lang='lat' dir='ltr'>Car-</span> 
     </span>
     <span class='ocr_line' id='line_1_24' title="bbox 310 1429 2158 1462; baseline 0.001 -10"><span class='ocrx_word' id='word_1_193' title='bbox 310 1429 395 1457; x_wconf 76' lang='grc'>13113,</span> <span class='ocrx_word' id='word_1_194' title='bbox 417 1430 569 1457; x_wconf 80' lang='lat' dir='ltr'>indultum.</span> <span class='ocrx_word' id='word_1_195' title='bbox 590 1432 620 1454; x_wconf 83' lang='lat' dir='ltr'>ut</span> <span class='ocrx_word' id='word_1_196' title='bbox 639 1437 672 1454; x_wconf 87' lang='lat' dir='ltr'>ea</span> <span class='ocrx_word' id='word_1_197' title='bbox 692 1431 837 1457; x_wconf 82' lang='lat' dir='ltr'>videlicet.</span> <span class='ocrx_word' id='word_1_198' title='bbox 857 1438 909 1461; x_wconf 88' lang='lat' dir='ltr'>que</span> <span class='ocrx_word' id='word_1_199' title='bbox 930 1430 963 1454; x_wconf 88' lang='lat' dir='ltr'>ad</span> <span class='ocrx_word' id='word_1_200' title='bbox 984 1431 1078 1462; x_wconf 84' lang='lat' dir='ltr'>ipsum</span> <span class='ocrx_word' id='word_1_201' title='bbox 1099 1431 1216 1454; x_wconf 87' lang='lat' dir='ltr'>nomine</span> <span class='ocrx_word' id='word_1_202' title='bbox 1229 1432 1328 1454; x_wconf 86' lang='lat' dir='ltr'>uxoris</span> <span class='ocrx_word' id='word_1_203' title='bbox 1342 1438 1390 1454; x_wconf 87' lang='lat' dir='ltr'>sue</span> <span class='ocrx_word' id='word_1_204' title='bbox 1403 1431 1520 1454; x_wconf 88' lang='lat' dir='ltr'>domine</span> <span class='ocrx_word' id='word_1_205' title='bbox 1540 1431 1638 1457; x_wconf 79' lang='lat' dir='ltr'>Marie.</span> <span class='ocrx_word' id='word_1_206' title='bbox 1653 1430 1711 1454; x_wconf 89' lang='lat' dir='ltr'>filie</span> <span class='ocrx_word' id='word_1_207' title='bbox 1730 1430 1845 1454; x_wconf 82' lang='lat' dir='ltr'>Albert1</span> <span class='ocrx_word' id='word_1_208' title='bbox 1859 1431 1891 1454; x_wconf 86' lang='lat' dir='ltr'>de</span> <span class='ocrx_word' id='word_1_209' title='bbox 1912 1431 2016 1460; x_wconf 83' lang='lat' dir='ltr'>Baonc,</span> <span class='ocrx_word' id='word_1_210' title='bbox 2035 1431 2158 1454; x_wconf 77' lang='lat' dir='ltr'>transire</span> 
     </span>
     <span class='ocr_line' id='line_1_25' title="bbox 311 1473 2157 1506; baseline 0.002 -10"><span class='ocrx_word' id='word_1_211' title='bbox 311 1473 455 1504; x_wconf 77' lang='lat' dir='ltr'>deberent,</span> <span class='ocrx_word' id='word_1_212' title='bbox 481 1474 515 1498; x_wconf 82' lang='lat' dir='ltr'>ab</span> <span class='ocrx_word' id='word_1_213' title='bbox 541 1475 606 1505; x_wconf 88' lang='lat' dir='ltr'>ipso</span> <span class='ocrx_word' id='word_1_214' title='bbox 632 1477 815 1506; x_wconf 73' lang='lat' dir='ltr'>cognosceret</span> <span class='ocrx_word' id='word_1_215' title='bbox 836 1476 1019 1506; x_wconf 67' lang='lat' dir='ltr'>imperatore:</span> <span class='ocrx_word' id='word_1_216' title='bbox 1046 1475 1120 1506; x_wconf 86' lang='lat' dir='ltr'>quod</span> <span class='ocrx_word' id='word_1_217' title='bbox 1148 1475 1335 1506; x_wconf 83' lang='lat' dir='ltr'>privilegium</span> <span class='ocrx_word' id='word_1_218' title='bbox 1363 1476 1418 1506; x_wconf 77' lang='lat' dir='ltr'>ipsi</span> <span class='ocrx_word' id='word_1_219' title='bbox 1445 1475 1563 1498; x_wconf 86' lang='lat' dir='ltr'>domino</span> <span class='ocrx_word' id='word_1_220' title='bbox 1589 1475 1727 1499; x_wconf 79' lang='lat' dir='ltr'>Iacobino</span> <span class='ocrx_word' id='word_1_221' title='bbox 1753 1482 1829 1498; x_wconf 87' lang='lat' dir='ltr'>anno</span> <span class='ocrx_word' id='word_1_222' title='bbox 1854 1475 1974 1498; x_wconf 78' lang='lat' dir='ltr'>Domini</span> <span class='ocrx_word' id='word_1_223' title='bbox 2002 1475 2157 1499; x_wconf 79' lang='lat' dir='ltr'>millesimo</span> 
     </span>
     <span class='ocr_line' id='line_1_26' title="bbox 313 1519 2156 1552; baseline 0.001 -11"><span class='ocrx_word' id='word_1_224' title='bbox 313 1519 469 1542; x_wconf 82' lang='lat' dir='ltr'>centesimo</span> <span class='ocrx_word' id='word_1_225' title='bbox 490 1519 684 1550; x_wconf 81' lang='lat' dir='ltr'>octuagesimo</span> <span class='ocrx_word' id='word_1_226' title='bbox 698 1520 800 1550; x_wconf 83' lang='lat' dir='ltr'>quarto</span> <span class='ocrx_word' id='word_1_227' title='bbox 814 1527 988 1550; x_wconf 85' lang='lat' dir='ltr'>concessum,</span> <span class='ocrx_word' id='word_1_228' title='bbox 1003 1521 1078 1550; x_wconf 83' lang='lat' dir='ltr'>quia.</span> <span class='ocrx_word' id='word_1_229' title='bbox 1092 1520 1142 1543; x_wconf 90' lang='lat' dir='ltr'>ubi</span> <span class='ocrx_word' id='word_1_230' title='bbox 1161 1521 1291 1551; x_wconf 84' lang='lat' dir='ltr'>superius</span> <span class='ocrx_word' id='word_1_231' title='bbox 1305 1520 1338 1543; x_wconf 89' lang='lat' dir='ltr'>(le</span> <span class='ocrx_word' id='word_1_232' title='bbox 1352 1520 1414 1551; x_wconf 89' lang='lat' dir='ltr'>ipso</span> <span class='ocrx_word' id='word_1_233' title='bbox 1434 1520 1554 1543; x_wconf 88' lang='lat' dir='ltr'>domino</span> <span class='ocrx_word' id='word_1_234' title='bbox 1568 1519 1708 1543; x_wconf 85' lang='lat' dir='ltr'>Iacoblno</span> <span class='ocrx_word' id='word_1_235' title='bbox 1722 1520 1833 1550; x_wconf 82' lang='lat' dir='ltr'>loquor,</span> <span class='ocrx_word' id='word_1_236' title='bbox 1849 1520 1907 1552; x_wconf 64' lang='lat' dir='ltr'>ip=e</span> <span class='ocrx_word' id='word_1_237' title='bbox 1927 1519 2096 1550; x_wconf 83' lang='lat' dir='ltr'>conscripsi,</span> <span class='ocrx_word' id='word_1_238' title='bbox 2110 1519 2156 1543; x_wconf 82' lang='lat' dir='ltr'>hic</span> 
     </span>
     <span class='ocr_line' id='line_1_27' title="bbox 325 1563 551 1588; baseline 0.013 -3"><span class='ocrx_word' id='word_1_239' title='bbox 325 1563 413 1586; x_wconf 79' lang='lat' dir='ltr'>eclam</span> <span class='ocrx_word' id='word_1_240' title='bbox 434 1563 551 1588; x_wconf 82' lang='lat' dir='ltr'>omitto.</span> 
     </span>
    </p>
   </div>
   <div class='ocr_carea' id='block_1_8' title="bbox 324 1650 2172 1863">
    <p class='ocr_par' dir='ltr' id='par_1_16' title="bbox 324 1650 2172 1774">
     <span class='ocr_line' id='line_1_28' title="bbox 415 1650 2171 1684; baseline 0.001 -10"><span class='ocrx_word' id='word_1_241' title='bbox 415 1651 473 1674; x_wconf 78' lang='lat'>218.</span> <span class='ocrx_word' id='word_1_242' title='bbox 494 1650 556 1684; x_wconf 88' lang='grc'>[168</span> <span class='ocrx_word' id='word_1_243' title='bbox 568 1651 614 1683; x_wconf 72' lang='lat' dir='ltr'>El.</span> <span class='ocrx_word' id='word_1_244' title='bbox 637 1666 668 1669; x_wconf 97' lang='lat'><strong>—</strong></span> <span class='ocrx_word' id='word_1_245' title='bbox 688 1652 768 1681; x_wconf 88' lang='lat' dir='ltr'>Item,</span> <span class='ocrx_word' id='word_1_246' title='bbox 787 1654 876 1676; x_wconf 86' lang='lat' dir='ltr'>eciam</span> <span class='ocrx_word' id='word_1_247' title='bbox 898 1653 976 1677; x_wconf 87' lang='lat' dir='ltr'>aliud</span> <span class='ocrx_word' id='word_1_248' title='bbox 997 1653 1184 1684; x_wconf 83' lang='lat' dir='ltr'>privilegium</span> <span class='ocrx_word' id='word_1_249' title='bbox 1206 1661 1220 1677; x_wconf 86' lang='lat' dir='ltr'>a</span> <span class='ocrx_word' id='word_1_250' title='bbox 1240 1653 1388 1677; x_wconf 82' lang='lat' dir='ltr'>Friderico</span> <span class='ocrx_word' id='word_1_251' title='bbox 1407 1652 1602 1677; x_wconf 85' lang='lat' dir='ltr'>Romanorum</span> <span class='ocrx_word' id='word_1_252' title='bbox 1623 1660 1686 1683; x_wconf 85' lang='lat' dir='ltr'>rege</span> <span class='ocrx_word' id='word_1_253' title='bbox 1705 1652 1861 1676; x_wconf 83' lang='lat' dir='ltr'>millesimo</span> <span class='ocrx_word' id='word_1_254' title='bbox 1881 1654 2079 1676; x_wconf 84' lang='lat' dir='ltr'>trecentesimo</span> <span class='ocrx_word' id='word_1_255' title='bbox 2093 1652 2171 1683; x_wconf 79' lang='lat' dir='ltr'>vige-</span> 
     </span>
     <span class='ocr_line' id='line_1_29' title="bbox 326 1696 2172 1729; baseline 0.001 -11"><span class='ocrx_word' id='word_1_256' title='bbox 326 1697 397 1719; x_wconf 74' lang='lat' dir='ltr'>s⁷rno</span> <span class='ocrx_word' id='word_1_257' title='bbox 420 1696 570 1728; x_wconf 84' lang='lat' dir='ltr'>magnifico</span> <span class='ocrx_word' id='word_1_258' title='bbox 590 1696 708 1720; x_wconf 84' lang='lat' dir='ltr'>domino</span> <span class='ocrx_word' id='word_1_259' title='bbox 729 1697 860 1727; x_wconf 71' lang='lat' dir='ltr'>Nicolao,</span> <span class='ocrx_word' id='word_1_260' title='bbox 880 1697 942 1721; x_wconf 81' lang='lat' dir='ltr'>filio</span> <span class='ocrx_word' id='word_1_261' title='bbox 962 1697 1073 1721; x_wconf 89' lang='lat' dir='ltr'>domini</span> <span class='ocrx_word' id='word_1_262' title='bbox 1092 1697 1228 1721; x_wconf 80' lang='lat' dir='ltr'>Ubertini</span> <span class='ocrx_word' id='word_1_263' title='bbox 1249 1698 1282 1721; x_wconf 88' lang='lat' dir='ltr'>de</span> <span class='ocrx_word' id='word_1_264' title='bbox 1302 1696 1444 1727; x_wconf 82' lang='lat' dir='ltr'>Carraria,</span> <span class='ocrx_word' id='word_1_265' title='bbox 1459 1704 1637 1724; x_wconf 81' lang='lat' dir='ltr'>concessum;</span> <span class='ocrx_word' id='word_1_266' title='bbox 1652 1697 1728 1728; x_wconf 83' lang='lat' dir='ltr'>quod</span> <span class='ocrx_word' id='word_1_267' title='bbox 1745 1697 1945 1729; x_wconf 75' lang='lat' dir='ltr'>privilegium,</span> <span class='ocrx_word' id='word_1_268' title='bbox 1958 1697 2024 1727; x_wconf 83' lang='lat' dir='ltr'>quia</span> <span class='ocrx_word' id='word_1_269' title='bbox 2039 1697 2069 1720; x_wconf 87' lang='lat' dir='ltr'>in</span> <span class='ocrx_word' id='word_1_270' title='bbox 2083 1697 2172 1728; x_wconf 82' lang='lat' dir='ltr'>gestis</span> 
     </span>
     <span class='ocr_line' id='line_1_30' title="bbox 324 1738 1386 1774; baseline 0.004 -12"><span class='ocrx_word' id='word_1_271' title='bbox 324 1740 416 1771; x_wconf 74' lang='lat' dir='ltr'>ipsius</span> <span class='ocrx_word' id='word_1_272' title='bbox 437 1741 547 1764; x_wconf 81' lang='lat' dir='ltr'>domini</span> <span class='ocrx_word' id='word_1_273' title='bbox 569 1738 684 1765; x_wconf 57' lang='lat' dir='ltr'>Nicol‘ai</span> <span class='ocrx_word' id='word_1_274' title='bbox 705 1743 834 1773; x_wconf 83' lang='lat' dir='ltr'>superius</span> <span class='ocrx_word' id='word_1_275' title='bbox 856 1743 916 1773; x_wconf 84' lang='lat' dir='ltr'>ipse</span> <span class='ocrx_word' id='word_1_276' title='bbox 936 1743 1105 1774; x_wconf 79' lang='lat' dir='ltr'>conscripsi,</span> <span class='ocrx_word' id='word_1_277' title='bbox 1126 1743 1187 1774; x_wconf 87' lang='lat' dir='ltr'>ipse</span> <span class='ocrx_word' id='word_1_278' title='bbox 1206 1742 1252 1766; x_wconf 88' lang='lat' dir='ltr'>hic</span> <span class='ocrx_word' id='word_1_279' title='bbox 1272 1743 1386 1766; x_wconf 79' lang='lat' dir='ltr'>omitto.</span> 
     </span>
    </p>

    <p class='ocr_par' dir='ltr' id='par_1_17' title="bbox 325 1785 2170 1863">
     <span class='ocr_line' id='line_1_31' title="bbox 412 1785 2170 1818; baseline 0.001 -10"><span class='ocrx_word' id='word_1_280' title='bbox 412 1785 446 1809; x_wconf 82' lang='lat' dir='ltr'>Et</span> <span class='ocrx_word' id='word_1_281' title='bbox 468 1785 584 1809; x_wconf 79' lang='lat' dir='ltr'>additur</span> <span class='ocrx_word' id='word_1_282' title='bbox 604 1786 733 1816; x_wconf 85' lang='lat' dir='ltr'>predicto</span> <span class='ocrx_word' id='word_1_283' title='bbox 754 1787 897 1817; x_wconf 77' lang='lat' dir='ltr'>magnifici</span> <span class='ocrx_word' id='word_1_284' title='bbox 916 1786 1013 1810; x_wconf 81' lang='lat' dir='ltr'>Iacobi</span> <span class='ocrx_word' id='word_1_285' title='bbox 1033 1787 1204 1818; x_wconf 68' lang='lat' dir='ltr'>privilegm:</span> <span class='ocrx_word' id='word_1_286' title='bbox 1224 1786 1431 1810; x_wconf 85' lang='lat' dir='ltr'>Confirmamus</span> <span class='ocrx_word' id='word_1_287' title='bbox 1450 1794 1483 1810; x_wconf 84' lang='lat' dir='ltr'>ex</span> <span class='ocrx_word' id='word_1_288' title='bbox 1503 1788 1579 1810; x_wconf 87' lang='lat' dir='ltr'>certa</span> <span class='ocrx_word' id='word_1_289' title='bbox 1604 1787 1726 1810; x_wconf 82' lang='lat' dir='ltr'>sciencia</span> <span class='ocrx_word' id='word_1_290' title='bbox 1753 1787 1851 1809; x_wconf 84' lang='lat' dir='ltr'>omnia</span> <span class='ocrx_word' id='word_1_291' title='bbox 1877 1788 1904 1809; x_wconf 82' lang='lat' dir='ltr'>et</span> <span class='ocrx_word' id='word_1_292' title='bbox 1931 1786 2045 1817; x_wconf 80' lang='lat' dir='ltr'>singula</span> <span class='ocrx_word' id='word_1_293' title='bbox 2072 1787 2101 1809; x_wconf 91' lang='lat' dir='ltr'>in</span> <span class='ocrx_word' id='word_1_294' title='bbox 2128 1786 2170 1809; x_wconf 81' lang='lat' dir='ltr'>eis</span> 
     </span>
     <span class='ocr_line' id='line_1_32' title="bbox 325 1829 1955 1863; baseline 0.001 -11"><span class='ocrx_word' id='word_1_295' title='bbox 325 1831 469 1860; x_wconf 80' lang='lat' dir='ltr'>contenta,</span> <span class='ocrx_word' id='word_1_296' title='bbox 490 1832 662 1855; x_wconf 83' lang='lat' dir='ltr'>innovamus</span> <span class='ocrx_word' id='word_1_297' title='bbox 683 1831 795 1862; x_wconf 77' lang='lat' dir='ltr'>[Cetera</span> <span class='ocrx_word' id='word_1_298' title='bbox 815 1832 900 1856; x_wconf 79' lang='lat' dir='ltr'>latino</span> <span class='ocrx_word' id='word_1_299' title='bbox 920 1833 1021 1862; x_wconf 77' lang='lat' dir='ltr'>eloquio</span> <span class='ocrx_word' id='word_1_300' title='bbox 1040 1836 1184 1863; x_wconf 81' lang='lat' dir='ltr'>sequuntur</span> <span class='ocrx_word' id='word_1_301' title='bbox 1202 1836 1283 1862; x_wconf 75' lang='lat' dir='ltr'>prout</span> <span class='ocrx_word' id='word_1_302' title='bbox 1301 1833 1328 1855; x_wconf 86' lang='lat' dir='ltr'>in</span> <span class='ocrx_word' id='word_1_303' title='bbox 1348 1833 1372 1855; x_wconf 82' lang='lat' dir='ltr'><em>A</em></span> <span class='ocrx_word' id='word_1_304' title='bbox 1392 1831 1464 1863; x_wconf 84' lang='lat' dir='ltr'>(cap.</span> <span class='ocrx_word' id='word_1_305' title='bbox 1486 1831 1536 1856; x_wconf 88' lang='lat'>168</span> <span class='ocrx_word' id='word_1_306' title='bbox 1547 1830 1586 1861; x_wconf 88' lang='lat' dir='ltr'>E)</span> <span class='ocrx_word' id='word_1_307' title='bbox 1605 1840 1682 1862; x_wconf 76' lang='lat' dir='ltr'>usque</span> <span class='ocrx_word' id='word_1_308' title='bbox 1703 1832 1741 1855; x_wconf 83' lang='lat' dir='ltr'>ad</span> <span class='ocrx_word' id='word_1_309' title='bbox 1758 1838 1780 1854; x_wconf 85' lang='lat' dir='ltr'>c.</span> <span class='ocrx_word' id='word_1_310' title='bbox 1801 1837 1849 1863; x_wconf 85' lang='lat'>232</span> <span class='ocrx_word' id='word_1_311' title='bbox 1870 1829 1955 1862; x_wconf 83' lang='lat'>(182).</span> 
     </span>
    </p>
   </div>
   <div class='ocr_carea' id='block_1_9' title="bbox 312 1927 2168 2660">
    <p class='ocr_par' dir='ltr' id='par_1_18' title="bbox 312 1927 2168 2660">
     <span class='ocr_line' id='line_1_33' title="bbox 410 1927 2168 1971; baseline 0.001 -13"><span class='ocrx_word' id='word_1_312' title='bbox 410 1927 483 1959; x_wconf 84' lang='lat'>219.</span> <span class='ocrx_word' id='word_1_313' title='bbox 509 1928 610 1969; x_wconf 83' lang='lat'>[169].</span> <span class='ocrx_word' id='word_1_314' title='bbox 637 1947 676 1952; x_wconf 88' lang='lat'>—</span> <span class='ocrx_word' id='word_1_315' title='bbox 703 1927 836 1966; x_wconf 87' lang='lat' dir='ltr'>Questo</span> <span class='ocrx_word' id='word_1_316' title='bbox 861 1929 880 1961; x_wconf 80' lang='grc' dir='ltr'>ὲ</span> <span class='ocrx_word' id='word_1_317' title='bbox 904 1929 1090 1970; x_wconf 84' lang='lat' dir='ltr'>l&#39;exemplo</span> <span class='ocrx_word' id='word_1_318' title='bbox 1115 1929 1158 1961; x_wconf 88' lang='lat' dir='ltr'>de</span> <span class='ocrx_word' id='word_1_319' title='bbox 1182 1940 1227 1960; x_wconf 90' lang='lat' dir='ltr'>un</span> <span class='ocrx_word' id='word_1_320' title='bbox 1252 1929 1436 1971; x_wconf 73' lang='lat' dir='ltr'>privileg-io</span> <span class='ocrx_word' id='word_1_321' title='bbox 1454 1929 1511 1960; x_wconf 91' lang='lat' dir='ltr'>del</span> <span class='ocrx_word' id='word_1_322' title='bbox 1529 1928 1753 1960; x_wconf 76' lang='lat' dir='ltr'>serenissimo</span> <span class='ocrx_word' id='word_1_323' title='bbox 1771 1934 1805 1960; x_wconf 86' lang='lat' dir='ltr'>et</span> <span class='ocrx_word' id='word_1_324' title='bbox 1819 1928 2035 1960; x_wconf 82' lang='lat' dir='ltr'>inclitissimo</span> <span class='ocrx_word' id='word_1_325' title='bbox 2055 1939 2168 1960; x_wconf 87' lang='lat' dir='ltr'>meser</span> 
     </span>
     <span class='ocr_line' id='line_1_34' title="bbox 321 1980 2166 2024; baseline 0.001 -13"><span class='ocrx_word' id='word_1_326' title='bbox 321 1980 442 2015; x_wconf 82' lang='lat' dir='ltr'>Karlo.</span> <span class='ocrx_word' id='word_1_327' title='bbox 466 1992 504 2012; x_wconf 85' lang='lat' dir='ltr'>re</span> <span class='ocrx_word' id='word_1_328' title='bbox 529 1982 564 2013; x_wconf 92' lang='lat' dir='ltr'>di</span> <span class='ocrx_word' id='word_1_329' title='bbox 588 1982 740 2013; x_wconf 82' lang='lat' dir='ltr'>Romani</span> <span class='ocrx_word' id='word_1_330' title='bbox 766 1992 902 2024; x_wconf 87' lang='lat' dir='ltr'>sempre</span> <span class='ocrx_word' id='word_1_331' title='bbox 928 1988 1085 2024; x_wconf 83' lang='lat' dir='ltr'>augusto,</span> <span class='ocrx_word' id='word_1_332' title='bbox 1109 1988 1144 2014; x_wconf 85' lang='lat' dir='ltr'>et</span> <span class='ocrx_word' id='word_1_333' title='bbox 1166 1993 1204 2013; x_wconf 90' lang='lat' dir='ltr'>re</span> <span class='ocrx_word' id='word_1_334' title='bbox 1228 1983 1271 2014; x_wconf 90' lang='lat' dir='ltr'>de</span> <span class='ocrx_word' id='word_1_335' title='bbox 1295 1981 1450 2019; x_wconf 85' lang='lat' dir='ltr'>Boemia‚</span> <span class='ocrx_word' id='word_1_336' title='bbox 1473 1982 1600 2013; x_wconf 75' lang='lat' dir='ltr'>robora</span> <span class='ocrx_word' id='word_1_337' title='bbox 1622 1981 1679 2012; x_wconf 85' lang='lat' dir='ltr'>del</span> <span class='ocrx_word' id='word_1_338' title='bbox 1701 1992 1738 2013; x_wconf 84' lang='lat' dir='ltr'>so</span> <span class='ocrx_word' id='word_1_339' title='bbox 1769 1981 1892 2024; x_wconf 82' lang='lat' dir='ltr'>sigello</span> <span class='ocrx_word' id='word_1_340' title='bbox 1915 1981 1958 2013; x_wconf 89' lang='lat' dir='ltr'>de</span> <span class='ocrx_word' id='word_1_341' title='bbox 1983 1991 2065 2013; x_wconf 91' lang='lat' dir='ltr'>cera</span> <span class='ocrx_word' id='word_1_342' title='bbox 2083 1991 2166 2023; x_wconf 89' lang='lat' dir='ltr'>pen-</span> 
     </span>
     <span class='ocr_line' id='line_1_35' title="bbox 321 2034 2162 2077; baseline 0.001 -13"><span class='ocrx_word' id='word_1_343' title='bbox 321 2034 425 2065; x_wconf 82' lang='lat' dir='ltr'>dente</span> <span class='ocrx_word' id='word_1_344' title='bbox 448 2035 494 2066; x_wconf 90' lang='lat' dir='ltr'>ad</span> <span class='ocrx_word' id='word_1_345' title='bbox 517 2045 584 2066; x_wconf 85' lang='lat' dir='ltr'>una</span> <span class='ocrx_word' id='word_1_346' title='bbox 609 2034 767 2067; x_wconf 81' lang='lat' dir='ltr'>cordella</span> <span class='ocrx_word' id='word_1_347' title='bbox 792 2036 834 2066; x_wconf 87' lang='lat' dir='ltr'>de</span> <span class='ocrx_word' id='word_1_348' title='bbox 859 2036 955 2071; x_wconf 84' lang='lat' dir='ltr'>seda,</span> <span class='ocrx_word' id='word_1_349' title='bbox 981 2035 1043 2076; x_wconf 71' lang='grc'>808</span> <span class='ocrx_word' id='word_1_350' title='bbox 1069 2037 1111 2067; x_wconf 90' lang='lat' dir='ltr'>de</span> <span class='ocrx_word' id='word_1_351' title='bbox 1135 2036 1234 2068; x_wconf 91' lang='lat' dir='ltr'>color</span> <span class='ocrx_word' id='word_1_352' title='bbox 1257 2045 1344 2077; x_wconf 72' lang='grc'>83110</span> <span class='ocrx_word' id='word_1_353' title='bbox 1369 2041 1403 2067; x_wconf 88' lang='lat' dir='ltr'>et</span> <span class='ocrx_word' id='word_1_354' title='bbox 1426 2045 1534 2072; x_wconf 84' lang='lat' dir='ltr'>rosso,</span> <span class='ocrx_word' id='word_1_355' title='bbox 1565 2035 1740 2066; x_wconf 87' lang='lat' dir='ltr'>habiando</span> <span class='ocrx_word' id='word_1_356' title='bbox 1765 2034 1799 2066; x_wconf 86' lang='lat' dir='ltr'>in</span> <span class='ocrx_word' id='word_1_357' title='bbox 1824 2035 1858 2066; x_wconf 94' lang='grc'>10</span> <span class='ocrx_word' id='word_1_358' title='bbox 1884 2034 2017 2066; x_wconf 87' lang='lat' dir='ltr'>circulo</span> <span class='ocrx_word' id='word_1_359' title='bbox 2041 2041 2162 2076; x_wconf 73' lang='lat' dir='ltr'>queste</span> 
     </span>
     <span class='ocr_line' id='line_1_36' title="bbox 320 2086 2163 2131; baseline 0.001 -14"><span class='ocrx_word' id='word_1_360' title='bbox 320 2087 446 2118; x_wconf 83' lang='lat' dir='ltr'>letere:</span> <span class='ocrx_word' id='word_1_361' title='bbox 464 2087 485 2127; x_wconf 90' lang='lat'><strong>†</strong></span> <span class='ocrx_word' id='word_1_362' title='bbox 501 2086 651 2118; x_wconf 78' lang='lat' dir='ltr'>Karalus</span> <span class='ocrx_word' id='word_1_363' title='bbox 667 2088 738 2119; x_wconf 75' lang='lat' dir='ltr'>Dei</span> <span class='ocrx_word' id='word_1_364' title='bbox 750 2089 875 2130; x_wconf 75' lang='lat' dir='ltr'>gratia</span> <span class='ocrx_word' id='word_1_365' title='bbox 898 2088 1130 2120; x_wconf 78' lang='lat' dir='ltr'>Romanorum</span> <span class='ocrx_word' id='word_1_366' title='bbox 1146 2099 1208 2120; x_wconf 80' lang='lat' dir='ltr'>rex</span> <span class='ocrx_word' id='word_1_367' title='bbox 1223 2092 1359 2131; x_wconf 79' lang='lat' dir='ltr'>semper</span> <span class='ocrx_word' id='word_1_368' title='bbox 1382 2087 1560 2130; x_wconf 66' lang='lat' dir='ltr'>Augussus</span> <span class='ocrx_word' id='word_1_369' title='bbox 1583 2092 1616 2118; x_wconf 82' lang='lat' dir='ltr'>ct</span> <span class='ocrx_word' id='word_1_370' title='bbox 1638 2088 1776 2119; x_wconf 78' lang='lat' dir='ltr'>Bocmie</span> <span class='ocrx_word' id='word_1_371' title='bbox 1799 2098 1871 2125; x_wconf 78' lang='lat' dir='ltr'>rex,</span> <span class='ocrx_word' id='word_1_372' title='bbox 1889 2093 1921 2118; x_wconf 90' lang='lat' dir='ltr'>et</span> <span class='ocrx_word' id='word_1_373' title='bbox 1935 2087 1972 2118; x_wconf 88' lang='lat' dir='ltr'>in</span> <span class='ocrx_word' id='word_1_374' title='bbox 1990 2086 2022 2119; x_wconf 92' lang='lat' dir='ltr'>lo</span> <span class='ocrx_word' id='word_1_375' title='bbox 2038 2097 2163 2129; x_wconf 88' lang='lat' dir='ltr'>campo</span> 
     </span>
     <span class='ocr_line' id='line_1_37' title="bbox 320 2139 2161 2183; baseline 0.001 -13"><span class='ocrx_word' id='word_1_376' title='bbox 320 2140 363 2170; x_wconf 85' lang='lat' dir='ltr'>ha</span> <span class='ocrx_word' id='word_1_377' title='bbox 387 2140 548 2181; x_wconf 81' lang='lat' dir='ltr'>scolpida</span> <span class='ocrx_word' id='word_1_378' title='bbox 572 2141 606 2171; x_wconf 89' lang='lat' dir='ltr'>la</span> <span class='ocrx_word' id='word_1_379' title='bbox 628 2140 780 2181; x_wconf 61' lang='lat' dir='ltr'>imagine</span> <span class='ocrx_word' id='word_1_380' title='bbox 805 2142 861 2172; x_wconf 86' lang='lat' dir='ltr'>del</span> <span class='ocrx_word' id='word_1_381' title='bbox 887 2142 1024 2183; x_wconf 85' lang='lat' dir='ltr'>prefato</span> <span class='ocrx_word' id='word_1_382' title='bbox 1048 2152 1162 2172; x_wconf 85' lang='lat' dir='ltr'>meser</span> <span class='ocrx_word' id='word_1_383' title='bbox 1186 2141 1306 2179; x_wconf 84' lang='lat' dir='ltr'>Karlo‚</span> <span class='ocrx_word' id='word_1_384' title='bbox 1330 2141 1485 2172; x_wconf 86' lang='lat' dir='ltr'>sedando</span> <span class='ocrx_word' id='word_1_385' title='bbox 1505 2142 1579 2173; x_wconf 89' lang='lat' dir='ltr'>sula</span> <span class='ocrx_word' id='word_1_386' title='bbox 1603 2151 1683 2181; x_wconf 73' lang='grc'>8883</span> <span class='ocrx_word' id='word_1_387' title='bbox 1708 2140 1804 2178; x_wconf 90' lang='grc'>11318,</span> <span class='ocrx_word' id='word_1_388' title='bbox 1821 2140 1995 2172; x_wconf 83' lang='lat' dir='ltr'>habiando</span> <span class='ocrx_word' id='word_1_389' title='bbox 2013 2139 2049 2172; x_wconf 86' lang='lat' dir='ltr'>in</span> <span class='ocrx_word' id='word_1_390' title='bbox 2073 2151 2161 2172; x_wconf 90' lang='lat' dir='ltr'>cavo</span> 
     </span>
     <span class='ocr_line' id='line_1_38' title="bbox 318 2193 2161 2236; baseline 0.001 -13"><span class='ocrx_word' id='word_1_391' title='bbox 318 2193 350 2224; x_wconf 86' lang='lat' dir='ltr'>la</span> <span class='ocrx_word' id='word_1_392' title='bbox 376 2194 535 2225; x_wconf 81' lang='lat' dir='ltr'>diadema</span> <span class='ocrx_word' id='word_1_393' title='bbox 559 2194 656 2233; x_wconf 83' lang='lat' dir='ltr'>riale,</span> <span class='ocrx_word' id='word_1_394' title='bbox 683 2201 716 2226; x_wconf 88' lang='lat' dir='ltr'>et</span> <span class='ocrx_word' id='word_1_395' title='bbox 739 2195 773 2226; x_wconf 91' lang='lat' dir='ltr'>in</span> <span class='ocrx_word' id='word_1_396' title='bbox 799 2195 832 2227; x_wconf 90' lang='lat' dir='ltr'>la</span> <span class='ocrx_word' id='word_1_397' title='bbox 856 2205 935 2226; x_wconf 85' lang='lat' dir='ltr'>man</span> <span class='ocrx_word' id='word_1_398' title='bbox 959 2195 1072 2227; x_wconf 85' lang='lat' dir='ltr'>dricta</span> <span class='ocrx_word' id='word_1_399' title='bbox 1096 2195 1127 2226; x_wconf 90' lang='lat' dir='ltr'>el</span> <span class='ocrx_word' id='word_1_400' title='bbox 1151 2200 1288 2236; x_wconf 87' lang='lat' dir='ltr'>sceptro</span> <span class='ocrx_word' id='word_1_401' title='bbox 1313 2205 1380 2226; x_wconf 91' lang='lat' dir='ltr'>con</span> <span class='ocrx_word' id='word_1_402' title='bbox 1404 2194 1436 2225; x_wconf 86' lang='lat' dir='ltr'>la</span> <span class='ocrx_word' id='word_1_403' title='bbox 1460 2205 1559 2226; x_wconf 87' lang='lat' dir='ltr'>crose</span> <span class='ocrx_word' id='word_1_404' title='bbox 1585 2195 1628 2225; x_wconf 90' lang='lat' dir='ltr'>de</span> <span class='ocrx_word' id='word_1_405' title='bbox 1653 2204 1765 2231; x_wconf 81' lang='lat' dir='ltr'>sovra,</span> <span class='ocrx_word' id='word_1_406' title='bbox 1786 2199 1821 2225; x_wconf 85' lang='lat' dir='ltr'>et</span> <span class='ocrx_word' id='word_1_407' title='bbox 1843 2194 1927 2225; x_wconf 85' lang='grc'>11113</span> <span class='ocrx_word' id='word_1_408' title='bbox 1943 2199 2098 2225; x_wconf 86' lang='lat' dir='ltr'>senestra</span> <span class='ocrx_word' id='word_1_409' title='bbox 2114 2205 2161 2225; x_wconf 93' lang='lat' dir='ltr'>un</span> 
     </span>
     <span class='ocr_line' id='line_1_39' title="bbox 318 2247 2162 2290; baseline 0.002 -14"><span class='ocrx_word' id='word_1_410' title='bbox 318 2256 420 2287; x_wconf 91' lang='lat' dir='ltr'>pomo</span> <span class='ocrx_word' id='word_1_411' title='bbox 444 2247 578 2278; x_wconf 89' lang='lat' dir='ltr'>reondo</span> <span class='ocrx_word' id='word_1_412' title='bbox 603 2258 670 2279; x_wconf 91' lang='lat' dir='ltr'>con</span> <span class='ocrx_word' id='word_1_413' title='bbox 694 2248 726 2278; x_wconf 83' lang='lat' dir='ltr'>la</span> <span class='ocrx_word' id='word_1_414' title='bbox 751 2258 849 2279; x_wconf 86' lang='lat' dir='ltr'>crose</span> <span class='ocrx_word' id='word_1_415' title='bbox 873 2247 918 2279; x_wconf 92' lang='lat' dir='ltr'>de</span> <span class='ocrx_word' id='word_1_416' title='bbox 941 2258 1054 2286; x_wconf 87' lang='lat' dir='ltr'>sovra,</span> <span class='ocrx_word' id='word_1_417' title='bbox 1079 2254 1114 2280; x_wconf 88' lang='lat' dir='ltr'>et</span> <span class='ocrx_word' id='word_1_418' title='bbox 1137 2258 1278 2290; x_wconf 81' lang='lat' dir='ltr'>apresso</span> <span class='ocrx_word' id='word_1_419' title='bbox 1302 2248 1334 2279; x_wconf 86' lang='lat' dir='ltr'>la</span> <span class='ocrx_word' id='word_1_420' title='bbox 1358 2258 1438 2288; x_wconf 62' lang='lat' dir='ltr'>seca</span> <span class='ocrx_word' id='word_1_421' title='bbox 1463 2247 1519 2279; x_wconf 82' lang='lat' dir='ltr'>dal</span> <span class='ocrx_word' id='word_1_422' title='bbox 1544 2247 1588 2278; x_wconf 85' lang='lat' dir='ltr'>la’</span> <span class='ocrx_word' id='word_1_423' title='bbox 1614 2248 1727 2279; x_wconf 82' lang='lat' dir='ltr'>dretto</span> <span class='ocrx_word' id='word_1_424' title='bbox 1759 2258 1819 2279; x_wconf 88' lang='lat' dir='ltr'>era</span> <span class='ocrx_word' id='word_1_425' title='bbox 1842 2258 1888 2278; x_wconf 91' lang='lat' dir='ltr'>un</span> <span class='ocrx_word' id='word_1_426' title='bbox 1913 2247 2021 2278; x_wconf 90' lang='lat' dir='ltr'>scudo</span> <span class='ocrx_word' id='word_1_427' title='bbox 2046 2247 2162 2289; x_wconf 73' lang='lat' dir='ltr'>picolo</span> 
     </span>
     <span class='ocr_line' id='line_1_40' title="bbox 318 2299 2161 2341; baseline 0.001 -11"><span class='ocrx_word' id='word_1_428' title='bbox 318 2309 383 2330; x_wconf 88' lang='lat' dir='ltr'>con</span> <span class='ocrx_word' id='word_1_429' title='bbox 409 2299 546 2340; x_wconf 84' lang='lat' dir='ltr'>l’aquila</span> <span class='ocrx_word' id='word_1_430' title='bbox 569 2300 749 2341; x_wconf 84' lang='lat' dir='ltr'>imperiale</span> <span class='ocrx_word' id='word_1_431' title='bbox 774 2307 808 2332; x_wconf 88' lang='lat' dir='ltr'>et</span> <span class='ocrx_word' id='word_1_432' title='bbox 832 2301 890 2332; x_wconf 89' lang='lat' dir='ltr'>dal</span> <span class='ocrx_word' id='word_1_433' title='bbox 914 2301 957 2331; x_wconf 86' lang='lat' dir='ltr'>la’</span> <span class='ocrx_word' id='word_1_434' title='bbox 982 2307 1136 2333; x_wconf 86' lang='lat' dir='ltr'>senestro</span> <span class='ocrx_word' id='word_1_435' title='bbox 1161 2301 1240 2333; x_wconf 85' lang='lat' dir='ltr'>dela</span> <span class='ocrx_word' id='word_1_436' title='bbox 1265 2301 1350 2332; x_wconf 81' lang='lat' dir='ltr'>ditta</span> <span class='ocrx_word' id='word_1_437' title='bbox 1370 2310 1449 2341; x_wconf 66' lang='grc'>8883</span> <span class='ocrx_word' id='word_1_438' title='bbox 1474 2311 1533 2331; x_wconf 88' lang='grc'>813</span> <span class='ocrx_word' id='word_1_439' title='bbox 1557 2311 1602 2331; x_wconf 85' lang='lat' dir='ltr'>un</span> <span class='ocrx_word' id='word_1_440' title='bbox 1626 2300 1714 2331; x_wconf 81' lang='lat' dir='ltr'>altro</span> <span class='ocrx_word' id='word_1_441' title='bbox 1738 2299 1846 2331; x_wconf 82' lang='lat' dir='ltr'>scudo</span> <span class='ocrx_word' id='word_1_442' title='bbox 1870 2299 2002 2341; x_wconf 81' lang='lat' dir='ltr'>picinin</span> <span class='ocrx_word' id='word_1_443' title='bbox 2028 2310 2092 2331; x_wconf 90' lang='lat' dir='ltr'>con</span> <span class='ocrx_word' id='word_1_444' title='bbox 2114 2311 2161 2331; x_wconf 91' lang='lat' dir='ltr'>un</span> 
     </span>
     <span class='ocr_line' id='line_1_41' title="bbox 313 2351 2161 2396; baseline 0.001 -14"><span class='ocrx_word' id='word_1_445' title='bbox 313 2351 394 2389; x_wconf 89' lang='lat' dir='ltr'>lion,</span> <span class='ocrx_word' id='word_1_446' title='bbox 420 2352 485 2384; x_wconf 89' lang='lat' dir='ltr'>che</span> <span class='ocrx_word' id='word_1_447' title='bbox 511 2354 622 2384; x_wconf 78' lang='lat' dir='ltr'>havea</span> <span class='ocrx_word' id='word_1_448' title='bbox 646 2353 678 2384; x_wconf 88' lang='grc'>13</span> <span class='ocrx_word' id='word_1_449' title='bbox 702 2353 792 2386; x_wconf 88' lang='lat' dir='ltr'>coda</span> <span class='ocrx_word' id='word_1_450' title='bbox 816 2354 1039 2391; x_wconf 83' lang='lat' dir='ltr'>biforchada,</span> <span class='ocrx_word' id='word_1_451' title='bbox 1062 2364 1107 2386; x_wconf 90' lang='lat' dir='ltr'>no</span> <span class='ocrx_word' id='word_1_452' title='bbox 1128 2359 1262 2396; x_wconf 79' lang='lat' dir='ltr'>guasto,</span> <span class='ocrx_word' id='word_1_453' title='bbox 1280 2364 1322 2386; x_wconf 89' lang='lat' dir='ltr'>no</span> <span class='ocrx_word' id='word_1_454' title='bbox 1340 2364 1429 2390; x_wconf 83' lang='lat' dir='ltr'>raso,</span> <span class='ocrx_word' id='word_1_455' title='bbox 1446 2364 1515 2385; x_wconf 91' lang='lat' dir='ltr'>non</span> <span class='ocrx_word' id='word_1_456' title='bbox 1533 2353 1748 2391; x_wconf 78' lang='lat' dir='ltr'>cancellado,</span> <span class='ocrx_word' id='word_1_457' title='bbox 1766 2352 1808 2384; x_wconf 73' lang='grc'>118</span> <span class='ocrx_word' id='word_1_458' title='bbox 1826 2353 1966 2384; x_wconf 87' lang='lat' dir='ltr'>viciado</span> <span class='ocrx_word' id='word_1_459' title='bbox 1982 2353 2017 2383; x_wconf 86' lang='lat' dir='ltr'>in</span> <span class='ocrx_word' id='word_1_460' title='bbox 2033 2354 2161 2395; x_wconf 86' lang='lat' dir='ltr'>alguna</span> 
     </span>
     <span class='ocr_line' id='line_1_42' title="bbox 314 2405 2160 2449; baseline 0.001 -12"><span class='ocrx_word' id='word_1_461' title='bbox 314 2415 374 2437; x_wconf 89' lang='lat' dir='ltr'>soa</span> <span class='ocrx_word' id='word_1_462' title='bbox 397 2412 506 2447; x_wconf 84' lang='lat' dir='ltr'>parte,</span> <span class='ocrx_word' id='word_1_463' title='bbox 529 2417 583 2437; x_wconf 90' lang='lat' dir='ltr'>ma</span> <span class='ocrx_word' id='word_1_464' title='bbox 607 2406 738 2448; x_wconf 85' lang='lat' dir='ltr'>scripto</span> <span class='ocrx_word' id='word_1_465' title='bbox 755 2407 790 2438; x_wconf 83' lang='lat' dir='ltr'>in</span> <span class='ocrx_word' id='word_1_466' title='bbox 809 2408 842 2439; x_wconf 92' lang='lat' dir='ltr'>lo</span> <span class='ocrx_word' id='word_1_467' title='bbox 859 2408 962 2438; x_wconf 92' lang='lat' dir='ltr'>modo</span> <span class='ocrx_word' id='word_1_468' title='bbox 979 2413 1067 2439; x_wconf 82' lang='lat' dir='ltr'>sotto</span> <span class='ocrx_word' id='word_1_469' title='bbox 1083 2407 1233 2448; x_wconf 86' lang='lat' dir='ltr'>scripto;</span> <span class='ocrx_word' id='word_1_470' title='bbox 1251 2417 1315 2448; x_wconf 91' lang='lat' dir='ltr'>per</span> <span class='ocrx_word' id='word_1_471' title='bbox 1330 2407 1363 2438; x_wconf 93' lang='grc'>10</span> <span class='ocrx_word' id='word_1_472' title='bbox 1380 2407 1460 2449; x_wconf 82' lang='lat' dir='ltr'>qual</span> <span class='ocrx_word' id='word_1_473' title='bbox 1478 2406 1665 2449; x_wconf 82' lang='lat' dir='ltr'>privilegio</span> <span class='ocrx_word' id='word_1_474' title='bbox 1683 2405 1715 2436; x_wconf 85' lang='lat' dir='ltr'>el</span> <span class='ocrx_word' id='word_1_475' title='bbox 1731 2406 1817 2438; x_wconf 85' lang='lat' dir='ltr'>ditto</span> <span class='ocrx_word' id='word_1_476' title='bbox 1835 2406 2036 2447; x_wconf 85' lang='lat' dir='ltr'>imperador</span> <span class='ocrx_word' id='word_1_477' title='bbox 2050 2405 2160 2438; x_wconf 81' lang='lat' dir='ltr'>Karlo</span> 
     </span>
     <span class='ocr_line' id='line_1_43' title="bbox 312 2458 2160 2502; baseline 0.001 -13"><span class='ocrx_word' id='word_1_478' title='bbox 312 2469 395 2489; x_wconf 86' lang='lat' dir='ltr'>crea</span> <span class='ocrx_word' id='word_1_479' title='bbox 417 2464 451 2490; x_wconf 90' lang='lat' dir='ltr'>et</span> <span class='ocrx_word' id='word_1_480' title='bbox 474 2459 637 2490; x_wconf 76' lang='lat' dir='ltr'>statuisce</span> <span class='ocrx_word' id='word_1_481' title='bbox 662 2460 693 2490; x_wconf 87' lang='lat' dir='ltr'>el</span> <span class='ocrx_word' id='word_1_482' title='bbox 716 2460 907 2502; x_wconf 83' lang='lat' dir='ltr'>magnifico</span> <span class='ocrx_word' id='word_1_483' title='bbox 932 2460 1074 2492; x_wconf 90' lang='lat' dir='ltr'>Iacomo</span> <span class='ocrx_word' id='word_1_484' title='bbox 1099 2461 1144 2491; x_wconf 90' lang='lat' dir='ltr'>da</span> <span class='ocrx_word' id='word_1_485' title='bbox 1169 2458 1319 2491; x_wconf 88' lang='lat' dir='ltr'>Carrara</span> <span class='ocrx_word' id='word_1_486' title='bbox 1342 2470 1381 2491; x_wconf 84' lang='lat' dir='ltr'>so</span> <span class='ocrx_word' id='word_1_487' title='bbox 1406 2459 1549 2502; x_wconf 86' lang='lat' dir='ltr'>general</span> <span class='ocrx_word' id='word_1_488' title='bbox 1574 2460 1705 2490; x_wconf 84' lang='lat' dir='ltr'>vicario</span> <span class='ocrx_word' id='word_1_489' title='bbox 1730 2459 1764 2490; x_wconf 91' lang='lat' dir='ltr'>in</span> <span class='ocrx_word' id='word_1_490' title='bbox 1789 2460 1822 2490; x_wconf 86' lang='grc'>13</span> <span class='ocrx_word' id='word_1_491' title='bbox 1847 2459 1914 2491; x_wconf 65' lang='lat' dir='ltr'>cita</span> <span class='ocrx_word' id='word_1_492' title='bbox 1941 2460 1984 2490; x_wconf 90' lang='lat' dir='ltr'>de</span> <span class='ocrx_word' id='word_1_493' title='bbox 2007 2458 2104 2490; x_wconf 88' lang='lat' dir='ltr'>Pava</span> <span class='ocrx_word' id='word_1_494' title='bbox 2127 2466 2160 2491; x_wconf 88' lang='lat' dir='ltr'>et</span> 
     </span>
     <span class='ocr_line' id='line_1_44' title="bbox 312 2511 2159 2554; baseline 0.001 -13"><span class='ocrx_word' id='word_1_495' title='bbox 312 2511 347 2542; x_wconf 91' lang='lat' dir='ltr'>in</span> <span class='ocrx_word' id='word_1_496' title='bbox 372 2512 404 2542; x_wconf 95' lang='lat' dir='ltr'>lo</span> <span class='ocrx_word' id='word_1_497' title='bbox 431 2512 600 2544; x_wconf 85' lang='lat' dir='ltr'>destretto</span> <span class='ocrx_word' id='word_1_498' title='bbox 626 2518 661 2544; x_wconf 88' lang='lat' dir='ltr'>et</span> <span class='ocrx_word' id='word_1_499' title='bbox 684 2513 719 2543; x_wconf 88' lang='lat' dir='ltr'>in</span> <span class='ocrx_word' id='word_1_500' title='bbox 744 2513 775 2544; x_wconf 83' lang='lat' dir='ltr'>le</span> <span class='ocrx_word' id='word_1_501' title='bbox 800 2519 893 2544; x_wconf 86' lang='lat' dir='ltr'>terre</span> <span class='ocrx_word' id='word_1_502' title='bbox 918 2520 952 2544; x_wconf 88' lang='lat' dir='ltr'>et</span> <span class='ocrx_word' id='word_1_503' title='bbox 976 2513 1122 2550; x_wconf 82' lang='lat' dir='ltr'>castelli,</span> <span class='ocrx_word' id='word_1_504' title='bbox 1146 2512 1361 2550; x_wconf 89' lang='lat' dir='ltr'>Moncelese,</span> <span class='ocrx_word' id='word_1_505' title='bbox 1386 2513 1528 2549; x_wconf 77' lang='lat' dir='ltr'>Bassam,</span> <span class='ocrx_word' id='word_1_506' title='bbox 1554 2512 1708 2554; x_wconf 73' lang='lat' dir='ltr'>Solagna</span> <span class='ocrx_word' id='word_1_507' title='bbox 1726 2518 1760 2544; x_wconf 87' lang='lat' dir='ltr'>et</span> <span class='ocrx_word' id='word_1_508' title='bbox 1779 2512 1986 2550; x_wconf 80' lang='lat' dir='ltr'>Fontaniva,</span> <span class='ocrx_word' id='word_1_509' title='bbox 2011 2518 2045 2543; x_wconf 90' lang='lat' dir='ltr'>et</span> <span class='ocrx_word' id='word_1_510' title='bbox 2068 2512 2103 2543; x_wconf 87' lang='lat' dir='ltr'>in</span> <span class='ocrx_word' id='word_1_511' title='bbox 2127 2513 2159 2543; x_wconf 87' lang='lat' dir='ltr'>le</span> 
     </span>
     <span class='ocr_line' id='line_1_45' title="bbox 313 2564 2157 2607; baseline 0.002 -13"><span class='ocrx_word' id='word_1_512' title='bbox 313 2564 401 2595; x_wconf 85' lang='lat' dir='ltr'>altre</span> <span class='ocrx_word' id='word_1_513' title='bbox 425 2565 507 2595; x_wconf 84' lang='lat' dir='ltr'>ville</span> <span class='ocrx_word' id='word_1_514' title='bbox 531 2571 565 2596; x_wconf 89' lang='lat' dir='ltr'>et</span> <span class='ocrx_word' id='word_1_515' title='bbox 590 2565 695 2607; x_wconf 71' lang='lat' dir='ltr'>mogi,</span> <span class='ocrx_word' id='word_1_516' title='bbox 719 2566 727 2596; x_wconf 91' lang='lat' dir='ltr'>i</span> <span class='ocrx_word' id='word_1_517' title='bbox 753 2566 847 2607; x_wconf 85' lang='lat' dir='ltr'>quali</span> <span class='ocrx_word' id='word_1_518' title='bbox 873 2566 904 2596; x_wconf 87' lang='grc'>31</span> <span class='ocrx_word' id='word_1_519' title='bbox 929 2571 1089 2607; x_wconf 87' lang='lat' dir='ltr'>presente</span> <span class='ocrx_word' id='word_1_520' title='bbox 1115 2565 1134 2597; x_wconf 81' lang='grc' dir='ltr'>ὲ</span> <span class='ocrx_word' id='word_1_521' title='bbox 1158 2571 1250 2597; x_wconf 85' lang='lat' dir='ltr'>sotto</span> <span class='ocrx_word' id='word_1_522' title='bbox 1274 2566 1307 2596; x_wconf 89' lang='grc'>13</span> <span class='ocrx_word' id='word_1_523' title='bbox 1331 2565 1534 2597; x_wconf 79' lang='lat' dir='ltr'>iurisdicion</span> <span class='ocrx_word' id='word_1_524' title='bbox 1559 2566 1603 2596; x_wconf 90' lang='lat' dir='ltr'>de</span> <span class='ocrx_word' id='word_1_525' title='bbox 1629 2565 1798 2606; x_wconf 81' lang='lat' dir='ltr'>l&#39;imperio</span> <span class='ocrx_word' id='word_1_526' title='bbox 1823 2572 1858 2597; x_wconf 92' lang='lat' dir='ltr'>et</span> <span class='ocrx_word' id='word_1_527' title='bbox 1881 2565 1938 2596; x_wconf 91' lang='lat' dir='ltr'>del</span> <span class='ocrx_word' id='word_1_528' title='bbox 1963 2575 2090 2597; x_wconf 91' lang='lat' dir='ltr'>comun</span> <span class='ocrx_word' id='word_1_529' title='bbox 2114 2565 2157 2597; x_wconf 88' lang='lat' dir='ltr'>de</span> 
     </span>
     <span class='ocr_line' id='line_1_46' title="bbox 312 2615 1478 2660; baseline 0.001 -13"><span class='ocrx_word' id='word_1_530' title='bbox 312 2615 416 2648; x_wconf 89' lang='lat' dir='ltr'>Pava.</span> <span class='ocrx_word' id='word_1_531' title='bbox 463 2617 507 2648; x_wconf 92' lang='lat' dir='ltr'>Et</span> <span class='ocrx_word' id='word_1_532' title='bbox 531 2618 563 2649; x_wconf 90' lang='grc'>13</span> <span class='ocrx_word' id='word_1_533' title='bbox 585 2624 676 2650; x_wconf 80' lang='lat' dir='ltr'>sotto</span> <span class='ocrx_word' id='word_1_534' title='bbox 701 2619 832 2660; x_wconf 84' lang='lat' dir='ltr'>scripta</span> <span class='ocrx_word' id='word_1_535' title='bbox 856 2618 874 2649; x_wconf 76' lang='grc' dir='ltr'><em>ὲ</em></span> <span class='ocrx_word' id='word_1_536' title='bbox 900 2619 931 2650; x_wconf 91' lang='grc'>13</span> <span class='ocrx_word' id='word_1_537' title='bbox 956 2619 1067 2650; x_wconf 80' lang='lat' dir='ltr'>forma</span> <span class='ocrx_word' id='word_1_538' title='bbox 1092 2619 1148 2650; x_wconf 90' lang='lat' dir='ltr'>del</span> <span class='ocrx_word' id='word_1_539' title='bbox 1173 2619 1262 2651; x_wconf 78' lang='lat' dir='ltr'>dilto</span> <span class='ocrx_word' id='word_1_540' title='bbox 1286 2618 1478 2660; x_wconf 80' lang='lat' dir='ltr'>privilegio.</span> 
     </span>
    </p>
   </div>
   <div class='ocr_carea' id='block_1_10' title="bbox 312 2722 2160 2846">
    <p class='ocr_par' dir='ltr' id='par_1_19' title="bbox 312 2722 2160 2846">
     <span class='ocr_line' id='line_1_47' title="bbox 399 2722 2157 2758; baseline 0.001 -10"><span class='ocrx_word' id='word_1_541' title='bbox 399 2722 462 2749; x_wconf 85' lang='lat'><strong>220.</strong></span> <span class='ocrx_word' id='word_1_542' title='bbox 483 2722 570 2757; x_wconf 79' lang='lat'>[1701.</span> <span class='ocrx_word' id='word_1_543' title='bbox 591 2739 622 2742; x_wconf 90' lang='lat'>—</span> <span class='ocrx_word' id='word_1_544' title='bbox 644 2725 767 2750; x_wconf 83' lang='lat' dir='ltr'>Karolus</span> <span class='ocrx_word' id='word_1_545' title='bbox 787 2726 839 2750; x_wconf 89' lang='lat' dir='ltr'>Dei</span> <span class='ocrx_word' id='word_1_546' title='bbox 861 2728 954 2758; x_wconf 85' lang='lat' dir='ltr'>gratia</span> <span class='ocrx_word' id='word_1_547' title='bbox 974 2726 1170 2751; x_wconf 75' lang='lat' dir='ltr'>Romanorum</span> <span class='ocrx_word' id='word_1_548' title='bbox 1197 2734 1246 2750; x_wconf 78' lang='lat' dir='ltr'>rex</span> <span class='ocrx_word' id='word_1_549' title='bbox 1271 2733 1377 2757; x_wconf 87' lang='lat' dir='ltr'>semper</span> <span class='ocrx_word' id='word_1_550' title='bbox 1398 2730 1533 2757; x_wconf 75' lang='lat' dir='ltr'>augustus</span> <span class='ocrx_word' id='word_1_551' title='bbox 1557 2729 1584 2750; x_wconf 86' lang='lat' dir='ltr'>et</span> <span class='ocrx_word' id='word_1_552' title='bbox 1611 2726 1723 2750; x_wconf 86' lang='lat' dir='ltr'>Boemie</span> <span class='ocrx_word' id='word_1_553' title='bbox 1748 2734 1806 2750; x_wconf 85' lang='lat' dir='ltr'>rex.</span> <span class='ocrx_word' id='word_1_554' title='bbox 1843 2726 1960 2758; x_wconf 78' lang='lat' dir='ltr'>Regalis</span> <span class='ocrx_word' id='word_1_555' title='bbox 1986 2727 2077 2751; x_wconf 79' lang='lat' dir='ltr'>serula</span> <span class='ocrx_word' id='word_1_556' title='bbox 2101 2727 2157 2750; x_wconf 80' lang='lat' dir='ltr'>sibi</span> 
     </span>
     <span class='ocr_line' id='line_1_48' title="bbox 312 2769 2160 2802; baseline 0.002 -10"><span class='ocrx_word' id='word_1_557' title='bbox 312 2769 443 2793; x_wconf 79' lang='lat' dir='ltr'>subditos</span> <span class='ocrx_word' id='word_1_558' title='bbox 463 2771 586 2793; x_wconf 87' lang='lat' dir='ltr'>maxime</span> <span class='ocrx_word' id='word_1_559' title='bbox 605 2770 749 2801; x_wconf 80' lang='lat' dir='ltr'>obsequiis</span> <span class='ocrx_word' id='word_1_560' title='bbox 770 2771 915 2801; x_wconf 79' lang='lat' dir='ltr'>gratiosos</span> <span class='ocrx_word' id='word_1_561' title='bbox 936 2773 1057 2795; x_wconf 79' lang='lat' dir='ltr'>tractare</span> <span class='ocrx_word' id='word_1_562' title='bbox 1078 2772 1160 2795; x_wconf 86' lang='lat' dir='ltr'>debet</span> <span class='ocrx_word' id='word_1_563' title='bbox 1184 2771 1332 2795; x_wconf 69' lang='lat' dir='ltr'>afrectione</span> <span class='ocrx_word' id='word_1_564' title='bbox 1358 2772 1477 2801; x_wconf 71' lang='lat' dir='ltr'>paterna</span> <span class='ocrx_word' id='word_1_565' title='bbox 1503 2771 1571 2794; x_wconf 70' lang='lat' dir='ltr'>berte</span> <span class='ocrx_word' id='word_1_566' title='bbox 1601 2772 1709 2794; x_wconf 43' lang='lat' dir='ltr'>meritis</span> <span class='ocrx_word' id='word_1_567' title='bbox 1730 2772 1834 2802; x_wconf 78' lang='lat' dir='ltr'>premia</span> <span class='ocrx_word' id='word_1_568' title='bbox 1855 2771 2031 2795; x_wconf 55' lang='lat' dir='ltr'>conferendo</span> <span class='ocrx_word' id='word_1_569' title='bbox 2056 2778 2160 2802; x_wconf 84' lang='lat' dir='ltr'>eosque</span> 
     </span>
     <span class='ocr_line' id='line_1_49' title="bbox 314 2812 1026 2846; baseline 0.003 -9"><span class='ocrx_word' id='word_1_570' title='bbox 314 2813 401 2837; x_wconf 78' lang='lat' dir='ltr'>altius</span> <span class='ocrx_word' id='word_1_571' title='bbox 423 2812 536 2844; x_wconf 78' lang='lat' dir='ltr'>[Cetera</span> <span class='ocrx_word' id='word_1_572' title='bbox 555 2818 697 2845; x_wconf 78' lang='lat' dir='ltr'>sequuntur</span> <span class='ocrx_word' id='word_1_573' title='bbox 712 2818 797 2845; x_wconf 67' lang='lat' dir='ltr'>prout</span> <span class='ocrx_word' id='word_1_574' title='bbox 816 2815 842 2838; x_wconf 82' lang='lat' dir='ltr'>in</span> <span class='ocrx_word' id='word_1_575' title='bbox 860 2815 891 2845; x_wconf 78' lang='lat' dir='ltr'>A,</span> <span class='ocrx_word' id='word_1_576' title='bbox 913 2823 935 2838; x_wconf 75' lang='lat' dir='ltr'>c.</span> <span class='ocrx_word' id='word_1_577' title='bbox 955 2814 1026 2846; x_wconf 75' lang='lat'>170]-</span> 
     </span>
    </p>
   </div>
   <div class='ocr_carea' id='block_1_11' title="bbox 309 2900 2158 2997">
    <p class='ocr_par' dir='ltr' id='par_1_20' title="bbox 309 2900 2158 2997">
     <span class='ocr_line' id='line_1_50' title="bbox 397 2900 2158 2945; baseline 0.001 -13"><span class='ocrx_word' id='word_1_578' title='bbox 397 2902 471 2933; x_wconf 84' lang='lat'>221.</span> <span class='ocrx_word' id='word_1_579' title='bbox 497 2900 597 2943; x_wconf 89' lang='lat'><strong>[171].</strong></span> <span class='ocrx_word' id='word_1_580' title='bbox 623 2919 667 2925; x_wconf 90' lang='lat'>--</span> <span class='ocrx_word' id='word_1_581' title='bbox 689 2900 820 2934; x_wconf 88' lang='lat' dir='ltr'>Contra</span> <span class='ocrx_word' id='word_1_582' title='bbox 845 2903 1017 2945; x_wconf 86' lang='lat' dir='ltr'>Lodoigo‚</span> <span class='ocrx_word' id='word_1_583' title='bbox 1042 2903 1125 2934; x_wconf 83' lang='lat' dir='ltr'>duse</span> <span class='ocrx_word' id='word_1_584' title='bbox 1149 2902 1192 2934; x_wconf 92' lang='lat' dir='ltr'>de</span> <span class='ocrx_word' id='word_1_585' title='bbox 1210 2902 1369 2939; x_wconf 84' lang='lat' dir='ltr'>Baviera‚</span> <span class='ocrx_word' id='word_1_586' title='bbox 1394 2902 1516 2934; x_wconf 85' lang='lat' dir='ltr'>vechio</span> <span class='ocrx_word' id='word_1_587' title='bbox 1540 2909 1573 2933; x_wconf 85' lang='lat' dir='ltr'>et</span> <span class='ocrx_word' id='word_1_588' title='bbox 1597 2902 1729 2934; x_wconf 77' lang='lat' dir='ltr'>rebello</span> <span class='ocrx_word' id='word_1_589' title='bbox 1748 2903 1840 2934; x_wconf 86' lang='lat' dir='ltr'>della</span> <span class='ocrx_word' id='word_1_590' title='bbox 1859 2903 1999 2941; x_wconf 74' lang='lat' dir='ltr'>Ghiesa,</span> <span class='ocrx_word' id='word_1_591' title='bbox 2026 2903 2057 2934; x_wconf 85' lang='lat' dir='ltr'>el</span> <span class='ocrx_word' id='word_1_592' title='bbox 2076 2903 2158 2943; x_wconf 75' lang='lat' dir='ltr'>qual</span> 
     </span>
     <span class='ocr_line' id='line_1_51' title="bbox 309 2955 2155 2997; baseline 0.002 -12"><span class='ocrx_word' id='word_1_593' title='bbox 309 2964 372 2995; x_wconf 88' lang='lat' dir='ltr'>per</span> <span class='ocrx_word' id='word_1_594' title='bbox 396 2955 477 2987; x_wconf 83' lang='lat' dir='ltr'>anni</span> <span class='ocrx_word' id='word_1_595' title='bbox 499 2961 615 2987; x_wconf 85' lang='lat' dir='ltr'>trenta</span> <span class='ocrx_word' id='word_1_596' title='bbox 639 2965 675 2987; x_wconf 82' lang='lat' dir='ltr'>se</span> <span class='ocrx_word' id='word_1_597' title='bbox 702 2955 812 2987; x_wconf 88' lang='lat' dir='ltr'>havea</span> <span class='ocrx_word' id='word_1_598' title='bbox 838 2956 1020 2988; x_wconf 81' lang='lat' dir='ltr'>chiamado</span> <span class='ocrx_word' id='word_1_599' title='bbox 1049 2956 1246 2997; x_wconf 67' lang='lat' dir='ltr'>imperador</span> <span class='ocrx_word' id='word_1_600' title='bbox 1277 2957 1518 2997; x_wconf 62' lang='lat' dir='ltr'>desp1isizncio</span> <span class='ocrx_word' id='word_1_601' title='bbox 1551 2957 1557 2986; x_wconf 82' lang='grc'>’1</span> <span class='ocrx_word' id='word_1_602' title='bbox 1592 2958 1786 2988; x_wconf 44' lang='grc'>(8111111111</span> <span class='ocrx_word' id='word_1_603' title='bbox 1803 2957 1872 2987; x_wconf 71' lang='lat' dir='ltr'>emi</span> <span class='ocrx_word' id='word_1_604' title='bbox 1905 2957 1948 2987; x_wconf 87' lang='lat' dir='ltr'>de</span> <span class='ocrx_word' id='word_1_605' title='bbox 1979 2966 2092 2989; x_wconf 76' lang='lat' dir='ltr'>meser</span> <span class='ocrx_word' id='word_1_606' title='bbox 2123 2957 2155 2990; x_wconf 84' lang='lat' dir='ltr'>lo</span> 
     </span>
    </p>
   </div>
   <div class='ocr_carea' id='block_1_12' title="bbox 2192 788 2225 815">
    <p class='ocr_par' dir='ltr' id='par_1_21' title="bbox 2192 788 2225 815">
     <span class='ocr_line' id='line_1_52' title="bbox 2192 788 2225 815; baseline 0 0"><span class='ocrx_word' id='word_1_607' title='bbox 2192 788 2225 815; x_wconf 92' lang='lat'>10</span> 
     </span>
    </p>
   </div>
   <div class='ocr_carea' id='block_1_13' title="bbox 2195 1010 2224 1036">
    <p class='ocr_par' dir='ltr' id='par_1_22' title="bbox 2195 1010 2224 1036">
     <span class='ocr_line' id='line_1_53' title="bbox 2195 1010 2224 1036; baseline 0 0"><span class='ocrx_word' id='word_1_608' title='bbox 2195 1010 2224 1036; x_wconf 83' lang='lat'>15</span> 
     </span>
    </p>
   </div>
   <div class='ocr_carea' id='block_1_14' title="bbox 2187 1285 2222 1313">
    <p class='ocr_par' dir='ltr' id='par_1_23' title="bbox 2187 1285 2222 1313">
     <span class='ocr_line' id='line_1_54' title="bbox 2187 1285 2222 1313; baseline 0.029 -1"><span class='ocrx_word' id='word_1_609' title='bbox 2187 1285 2222 1313; x_wconf 87' lang='grc'>20</span> 
     </span>
    </p>
   </div>
   <div class='ocr_carea' id='block_1_15' title="bbox 2198 1562 2232 1587">
    <p class='ocr_par' dir='ltr' id='par_1_24' title="bbox 2198 1562 2232 1587">
     <span class='ocr_line' id='line_1_55' title="bbox 2198 1562 2232 1587; baseline 0 0"><span class='ocrx_word' id='word_1_610' title='bbox 2198 1562 2232 1587; x_wconf 83' lang='lat'>25</span> 
     </span>
    </p>
   </div>
   <div class='ocr_carea' id='block_1_16' title="bbox 2198 1827 2234 1854">
    <p class='ocr_par' dir='ltr' id='par_1_25' title="bbox 2198 1827 2234 1854">
     <span class='ocr_line' id='line_1_56' title="bbox 2198 1827 2234 1854; baseline 0 0"><span class='ocrx_word' id='word_1_611' title='bbox 2198 1827 2234 1854; x_wconf 81' lang='lat'>30</span> 
     </span>
    </p>
   </div>
   <div class='ocr_carea' id='block_1_17' title="bbox 2185 2409 2226 2438">
    <p class='ocr_par' dir='ltr' id='par_1_26' title="bbox 2185 2409 2226 2438">
     <span class='ocr_line' id='line_1_57' title="bbox 2185 2409 2226 2438; baseline -0.024 0"><span class='ocrx_word' id='word_1_612' title='bbox 2185 2409 2226 2438; x_wconf 84' lang='lat'>40</span> 
     </span>
    </p>
   </div>
   <div class='ocr_carea' id='block_1_18' title="bbox 2189 2725 2222 2750">
    <p class='ocr_par' dir='ltr' id='par_1_27' title="bbox 2189 2725 2222 2750">
     <span class='ocr_line' id='line_1_58' title="bbox 2189 2725 2222 2750; baseline 0 0"><span class='ocrx_word' id='word_1_613' title='bbox 2189 2725 2222 2750; x_wconf 77' lang='lat'>45</span> 
     </span>
    </p>
   </div>
  </div>
 </body>
</html>
