<?xml version="1.0" encoding="UTF-8"?>
<!DOCTYPE html PUBLIC "-//W3C//DTD XHTML 1.0 Transitional//EN"
    "http://www.w3.org/TR/xhtml1/DTD/xhtml1-transitional.dtd">
<html xmlns="http://www.w3.org/1999/xhtml" xml:lang="en" lang="en">
 <head>
  <title>
</title>
<meta http-equiv="Content-Type" content="text/html;charset=utf-8" />
  <meta name='ocr-system' content='tesseract 3.04.00' />
  <meta name='ocr-capabilities' content='ocr_page ocr_carea ocr_par ocr_line ocrx_word'/>
</head>
<body>
  <div class='ocr_page' id='page_1' title='image "./p1f14rerumitalica17murauoft_0013.png"; bbox 0 0 2290 3449; ppageno 0'>
   <div class='ocr_carea' id='block_1_1' title="bbox 97 717 129 744">
    <p class='ocr_par' dir='ltr' id='par_1_1' title="bbox 97 717 129 744">
     <span class='ocr_line' id='line_1_1' title="bbox 97 717 129 744; baseline 0 0"><span class='ocrx_word' id='word_1_1' title='bbox 97 717 129 744; x_wconf 89' lang='lat'><strong>10</strong></span> 
     </span>
    </p>
   </div>
   <div class='ocr_carea' id='block_1_2' title="bbox 96 940 126 966">
    <p class='ocr_par' dir='ltr' id='par_1_2' title="bbox 96 940 126 966">
     <span class='ocr_line' id='line_1_2' title="bbox 96 940 126 966; baseline 0 0"><span class='ocrx_word' id='word_1_2' title='bbox 96 940 126 966; x_wconf 80' lang='lat'><strong>15</strong></span> 
     </span>
    </p>
   </div>
   <div class='ocr_carea' id='block_1_3' title="bbox 88 1163 123 1189">
    <p class='ocr_par' dir='ltr' id='par_1_3' title="bbox 88 1163 123 1189">
     <span class='ocr_line' id='line_1_3' title="bbox 88 1163 123 1189; baseline 0.029 -1"><span class='ocrx_word' id='word_1_3' title='bbox 88 1163 123 1189; x_wconf 71' lang='grc' dir='ltr'><strong>ΖΟ</strong></span> 
     </span>
    </p>
   </div>
   <div class='ocr_carea' id='block_1_4' title="bbox 87 1386 121 1412">
    <p class='ocr_par' dir='ltr' id='par_1_4' title="bbox 87 1386 121 1412">
     <span class='ocr_line' id='line_1_4' title="bbox 87 1386 121 1412; baseline 0 0"><span class='ocrx_word' id='word_1_4' title='bbox 87 1386 121 1412; x_wconf 85' lang='grc'><strong>25</strong></span> 
     </span>
    </p>
   </div>
   <div class='ocr_carea' id='block_1_5' title="bbox 86 1610 122 1637">
    <p class='ocr_par' dir='ltr' id='par_1_5' title="bbox 86 1610 122 1637">
     <span class='ocr_line' id='line_1_5' title="bbox 86 1610 122 1637; baseline -0.028 0"><span class='ocrx_word' id='word_1_5' title='bbox 86 1610 122 1637; x_wconf 90' lang='grc'><strong>30</strong></span> 
     </span>
    </p>
   </div>
   <div class='ocr_carea' id='block_1_6' title="bbox 87 1833 121 1860">
    <p class='ocr_par' dir='ltr' id='par_1_6' title="bbox 87 1833 121 1860">
     <span class='ocr_line' id='line_1_6' title="bbox 87 1833 121 1860; baseline -0.029 0"><span class='ocrx_word' id='word_1_6' title='bbox 87 1833 121 1860; x_wconf 87' lang='grc'><strong>35</strong></span> 
     </span>
    </p>
   </div>
   <div class='ocr_carea' id='block_1_7' title="bbox 88 2057 123 2083">
    <p class='ocr_par' dir='ltr' id='par_1_7' title="bbox 88 2057 123 2083">
     <span class='ocr_line' id='line_1_7' title="bbox 88 2057 123 2083; baseline 0 0"><span class='ocrx_word' id='word_1_7' title='bbox 88 2057 123 2083; x_wconf 86' lang='grc'><strong>40</strong></span> 
     </span>
    </p>
   </div>
   <div class='ocr_carea' id='block_1_8' title="bbox 88 2281 122 2307">
    <p class='ocr_par' dir='ltr' id='par_1_8' title="bbox 88 2281 122 2307">
     <span class='ocr_line' id='line_1_8' title="bbox 88 2281 122 2307; baseline 0 0"><span class='ocrx_word' id='word_1_8' title='bbox 88 2281 122 2307; x_wconf 80' lang='grc'><strong>45</strong></span> 
     </span>
    </p>
   </div>
   <div class='ocr_carea' id='block_1_9' title="bbox 89 2503 125 2531">
    <p class='ocr_par' dir='ltr' id='par_1_9' title="bbox 89 2503 125 2531">
     <span class='ocr_line' id='line_1_9' title="bbox 89 2503 125 2531; baseline 0.028 -1"><span class='ocrx_word' id='word_1_9' title='bbox 89 2503 125 2531; x_wconf 87' lang='grc'><strong>50</strong></span> 
     </span>
    </p>
   </div>
   <div class='ocr_carea' id='block_1_10' title="bbox 88 2726 121 2753">
    <p class='ocr_par' dir='ltr' id='par_1_10' title="bbox 88 2726 121 2753">
     <span class='ocr_line' id='line_1_10' title="bbox 88 2726 121 2753; baseline 0 0"><span class='ocrx_word' id='word_1_10' title='bbox 88 2726 121 2753; x_wconf 84' lang='grc'><strong>55</strong></span> 
     </span>
    </p>
   </div>
   <div class='ocr_carea' id='block_1_11' title="bbox 92 2948 128 2975">
    <p class='ocr_par' dir='ltr' id='par_1_11' title="bbox 92 2948 128 2975">
     <span class='ocr_line' id='line_1_11' title="bbox 92 2948 128 2975; baseline 0 0"><span class='ocrx_word' id='word_1_11' title='bbox 92 2948 128 2975; x_wconf 76' lang='lat'><strong>60</strong></span> 
     </span>
    </p>
   </div>
   <div class='ocr_carea' id='block_1_12' title="bbox 150 320 2005 2984">
    <p class='ocr_par' dir='ltr' id='par_1_12' title="bbox 151 320 2005 1332">
     <span class='ocr_line' id='line_1_12' title="bbox 160 320 2000 356; baseline 0.001 -10"><span class='ocrx_word' id='word_1_12' title='bbox 160 323 239 346; x_wconf 80' lang='lat' dir='ltr'><strong>ratur</strong></span> <span class='ocrx_word' id='word_1_13' title='bbox 256 328 306 353; x_wconf 87' lang='lat' dir='ltr'><strong>per</strong></span> <span class='ocrx_word' id='word_1_14' title='bbox 325 321 479 353; x_wconf 87' lang='lat' dir='ltr'><strong>predictos.</strong></span> <span class='ocrx_word' id='word_1_15' title='bbox 514 320 594 350; x_wconf 84' lang='lat' dir='ltr'><strong>Item,</strong></span> <span class='ocrx_word' id='word_1_16' title='bbox 608 322 684 345; x_wconf 83' lang='lat' dir='ltr'><strong>circa</strong></span> <span class='ocrx_word' id='word_1_17' title='bbox 698 328 812 353; x_wconf 88' lang='lat' dir='ltr'><strong>campos</strong></span> <span class='ocrx_word' id='word_1_18' title='bbox 831 324 933 345; x_wconf 66' lang='lat' dir='ltr'><strong>novem</strong></span> <span class='ocrx_word' id='word_1_19' title='bbox 953 322 981 345; x_wconf 86' lang='lat' dir='ltr'><strong>et</strong></span> <span class='ocrx_word' id='word_1_20' title='bbox 995 320 1118 353; x_wconf 75' lang='lat' dir='ltr'><strong>perticas</strong></span> <span class='ocrx_word' id='word_1_21' title='bbox 1133 328 1234 344; x_wconf 89' lang='lat' dir='ltr'><strong>novem</strong></span> <span class='ocrx_word' id='word_1_22' title='bbox 1248 322 1321 344; x_wconf 88' lang='lat' dir='ltr'><strong>terre</strong></span> <span class='ocrx_word' id='word_1_23' title='bbox 1334 321 1468 350; x_wconf 72' lang='lat' dir='ltr'><strong>aratmie,</strong></span> <span class='ocrx_word' id='word_1_24' title='bbox 1489 322 1536 345; x_wconf 82' lang='lat' dir='ltr'><strong>ubi</strong></span> <span class='ocrx_word' id='word_1_25' title='bbox 1558 322 1664 346; x_wconf 86' lang='lat' dir='ltr'><strong>dicitur</strong></span> <span class='ocrx_word' id='word_1_26' title='bbox 1678 323 1808 347; x_wconf 81' lang='lat' dir='ltr'><strong>clausura</strong></span> <span class='ocrx_word' id='word_1_27' title='bbox 1823 324 1856 347; x_wconf 88' lang='lat' dir='ltr'><strong>de</strong></span> <span class='ocrx_word' id='word_1_28' title='bbox 1872 324 1956 347; x_wconf 82' lang='lat' dir='ltr'><strong>feudo</strong></span> <span class='ocrx_word' id='word_1_29' title='bbox 1975 333 2000 356; x_wconf 84' lang='lat' dir='ltr'><strong>q.</strong></span> 
     </span>
     <span class='ocr_line' id='line_1_13' title="bbox 160 364 2000 399; baseline 0.001 -10"><span class='ocrx_word' id='word_1_30' title='bbox 160 365 317 390; x_wconf 88' lang='lat' dir='ltr'><strong>Clementis</strong></span> <span class='ocrx_word' id='word_1_31' title='bbox 342 365 442 395; x_wconf 90' lang='lat' dir='ltr'><strong>Rubei,</strong></span> <span class='ocrx_word' id='word_1_32' title='bbox 467 365 501 389; x_wconf 88' lang='lat' dir='ltr'><strong>ab</strong></span> <span class='ocrx_word' id='word_1_33' title='bbox 528 372 583 388; x_wconf 88' lang='lat' dir='ltr'><strong>una</strong></span> <span class='ocrx_word' id='word_1_34' title='bbox 612 366 691 397; x_wconf 88' lang='lat' dir='ltr'><strong>parte</strong></span> <span class='ocrx_word' id='word_1_35' title='bbox 719 366 773 393; x_wconf 82' lang='lat' dir='ltr'><strong>via,</strong></span> <span class='ocrx_word' id='word_1_36' title='bbox 799 366 832 390; x_wconf 87' lang='lat' dir='ltr'><strong>ab</strong></span> <span class='ocrx_word' id='word_1_37' title='bbox 862 366 919 389; x_wconf 75' lang='lat' dir='ltr'><strong>alia</strong></span> <span class='ocrx_word' id='word_1_38' title='bbox 946 365 1021 389; x_wconf 90' lang='lat' dir='ltr'><strong>idem</strong></span> <span class='ocrx_word' id='word_1_39' title='bbox 1050 365 1193 394; x_wconf 84' lang='lat' dir='ltr'><strong>dominus,</strong></span> <span class='ocrx_word' id='word_1_40' title='bbox 1221 366 1249 388; x_wconf 91' lang='lat' dir='ltr'><strong>et</strong></span> <span class='ocrx_word' id='word_1_41' title='bbox 1275 364 1423 388; x_wconf 88' lang='lat' dir='ltr'><strong>laboratur</strong></span> <span class='ocrx_word' id='word_1_42' title='bbox 1448 372 1497 396; x_wconf 88' lang='lat' dir='ltr'><strong>per</strong></span> <span class='ocrx_word' id='word_1_43' title='bbox 1524 365 1646 390; x_wconf 86' lang='lat' dir='ltr'><strong>Petrum.</strong></span> <span class='ocrx_word' id='word_1_44' title='bbox 1685 367 1764 395; x_wconf 88' lang='lat' dir='ltr'><strong>Item,</strong></span> <span class='ocrx_word' id='word_1_45' title='bbox 1784 368 1859 391; x_wconf 79' lang='lat' dir='ltr'><strong>clrca</strong></span> <span class='ocrx_word' id='word_1_46' title='bbox 1885 376 2000 399; x_wconf 75' lang='lat' dir='ltr'><strong>campos</strong></span> 
     </span>
     <span class='ocr_line' id='line_1_14' title="bbox 159 409 2002 444; baseline 0.002 -11"><span class='ocrx_word' id='word_1_47' title='bbox 159 412 281 441; x_wconf 87' lang='lat' dir='ltr'><strong>quatuor</strong></span> <span class='ocrx_word' id='word_1_48' title='bbox 298 411 326 433; x_wconf 90' lang='lat' dir='ltr'><strong>et</strong></span> <span class='ocrx_word' id='word_1_49' title='bbox 345 411 467 442; x_wconf 81' lang='lat' dir='ltr'><strong>perticas</strong></span> <span class='ocrx_word' id='word_1_50' title='bbox 486 410 610 441; x_wconf 87' lang='lat' dir='ltr'><strong>quinque</strong></span> <span class='ocrx_word' id='word_1_51' title='bbox 629 411 657 433; x_wconf 89' lang='lat' dir='ltr'><strong>et</strong></span> <span class='ocrx_word' id='word_1_52' title='bbox 678 410 789 434; x_wconf 85' lang='lat' dir='ltr'><strong>tabulas</strong></span> <span class='ocrx_word' id='word_1_53' title='bbox 810 410 903 434; x_wconf 90' lang='lat' dir='ltr'><strong>decem</strong></span> <span class='ocrx_word' id='word_1_54' title='bbox 917 412 944 434; x_wconf 92' lang='lat' dir='ltr'><strong>et</strong></span> <span class='ocrx_word' id='word_1_55' title='bbox 960 417 1061 434; x_wconf 87' lang='lat' dir='ltr'><strong>novem</strong></span> <span class='ocrx_word' id='word_1_56' title='bbox 1081 411 1155 433; x_wconf 89' lang='lat' dir='ltr'><strong>terre</strong></span> <span class='ocrx_word' id='word_1_57' title='bbox 1175 409 1426 441; x_wconf 84' lang='lat' dir='ltr'><strong>arative,jacentis</strong></span> <span class='ocrx_word' id='word_1_58' title='bbox 1440 410 1470 433; x_wconf 93' lang='lat' dir='ltr'><strong>in</strong></span> <span class='ocrx_word' id='word_1_59' title='bbox 1486 409 1656 441; x_wconf 63' lang='lat' dir='ltr'><strong>RovereIHx,</strong></span> <span class='ocrx_word' id='word_1_60' title='bbox 1673 411 1786 436; x_wconf 86' lang='lat' dir='ltr'><strong>coheret</strong></span> <span class='ocrx_word' id='word_1_61' title='bbox 1799 412 1833 435; x_wconf 84' lang='lat' dir='ltr'><strong>ab</strong></span> <span class='ocrx_word' id='word_1_62' title='bbox 1854 419 1909 436; x_wconf 89' lang='lat' dir='ltr'><strong>una</strong></span> <span class='ocrx_word' id='word_1_63' title='bbox 1924 414 2002 444; x_wconf 83' lang='lat' dir='ltr'><strong>parte</strong></span> 
     </span>
     <span class='ocr_line' id='line_1_15' title="bbox 160 453 2003 489; baseline 0.002 -11"><span class='ocrx_word' id='word_1_64' title='bbox 160 455 218 483; x_wconf 88' lang='lat' dir='ltr'><strong>via,</strong></span> <span class='ocrx_word' id='word_1_65' title='bbox 238 455 271 478; x_wconf 88' lang='lat' dir='ltr'><strong>ab</strong></span> <span class='ocrx_word' id='word_1_66' title='bbox 291 454 349 478; x_wconf 80' lang='lat' dir='ltr'><strong>alia</strong></span> <span class='ocrx_word' id='word_1_67' title='bbox 369 455 442 478; x_wconf 89' lang='lat' dir='ltr'><strong>idem</strong></span> <span class='ocrx_word' id='word_1_68' title='bbox 468 454 611 483; x_wconf 85' lang='lat' dir='ltr'><strong>dominus,</strong></span> <span class='ocrx_word' id='word_1_69' title='bbox 631 456 659 478; x_wconf 88' lang='lat' dir='ltr'><strong>et</strong></span> <span class='ocrx_word' id='word_1_70' title='bbox 678 455 826 479; x_wconf 83' lang='lat' dir='ltr'><strong>laboratur</strong></span> <span class='ocrx_word' id='word_1_71' title='bbox 845 462 894 486; x_wconf 89' lang='lat' dir='ltr'><strong>per</strong></span> <span class='ocrx_word' id='word_1_72' title='bbox 914 454 1046 478; x_wconf 86' lang='lat' dir='ltr'><strong>Zucharn.</strong></span> <span class='ocrx_word' id='word_1_73' title='bbox 1083 453 1163 482; x_wconf 91' lang='lat' dir='ltr'><strong>Item,</strong></span> <span class='ocrx_word' id='word_1_74' title='bbox 1184 455 1260 477; x_wconf 85' lang='lat' dir='ltr'><strong>circa</strong></span> <span class='ocrx_word' id='word_1_75' title='bbox 1279 455 1336 478; x_wconf 88' lang='lat' dir='ltr'><strong>tres</strong></span> <span class='ocrx_word' id='word_1_76' title='bbox 1357 461 1471 485; x_wconf 88' lang='lat' dir='ltr'><strong>campos</strong></span> <span class='ocrx_word' id='word_1_77' title='bbox 1491 454 1585 479; x_wconf 89' lang='lat' dir='ltr'><strong>minus</strong></span> <span class='ocrx_word' id='word_1_78' title='bbox 1605 457 1699 480; x_wconf 87' lang='lat' dir='ltr'><strong>decem</strong></span> <span class='ocrx_word' id='word_1_79' title='bbox 1718 460 1745 481; x_wconf 83' lang='lat' dir='ltr'><strong>et</strong></span> <span class='ocrx_word' id='word_1_80' title='bbox 1765 460 1871 489; x_wconf 78' lang='lat' dir='ltr'><strong>septem</strong></span> <span class='ocrx_word' id='word_1_81' title='bbox 1891 459 2003 482; x_wconf 78' lang='lat' dir='ltr'><strong>tabulas</strong></span> 
     </span>
     <span class='ocr_line' id='line_1_16' title="bbox 158 497 1998 534; baseline 0.002 -11"><span class='ocrx_word' id='word_1_82' title='bbox 158 501 230 523; x_wconf 88' lang='lat' dir='ltr'><strong>terre</strong></span> <span class='ocrx_word' id='word_1_83' title='bbox 249 500 381 529; x_wconf 86' lang='lat' dir='ltr'><strong>aratorie,</strong></span> <span class='ocrx_word' id='word_1_84' title='bbox 399 497 522 530; x_wconf 82' lang='lat' dir='ltr'><strong>jacentis</strong></span> <span class='ocrx_word' id='word_1_85' title='bbox 542 500 571 522; x_wconf 87' lang='lat' dir='ltr'><strong>in</strong></span> <span class='ocrx_word' id='word_1_86' title='bbox 592 500 686 531; x_wconf 90' lang='lat' dir='ltr'><strong>capite</strong></span> <span class='ocrx_word' id='word_1_87' title='bbox 705 499 869 530; x_wconf 82' lang='lat' dir='ltr'><strong>Sedeglane,</strong></span> <span class='ocrx_word' id='word_1_88' title='bbox 889 499 923 523; x_wconf 86' lang='lat' dir='ltr'><strong>ab</strong></span> <span class='ocrx_word' id='word_1_89' title='bbox 942 505 998 522; x_wconf 92' lang='lat' dir='ltr'><strong>una</strong></span> <span class='ocrx_word' id='word_1_90' title='bbox 1018 500 1098 530; x_wconf 86' lang='lat' dir='ltr'><strong>parte</strong></span> <span class='ocrx_word' id='word_1_91' title='bbox 1117 499 1173 528; x_wconf 84' lang='lat' dir='ltr'><strong>via,</strong></span> <span class='ocrx_word' id='word_1_92' title='bbox 1188 498 1224 522; x_wconf 85' lang='lat' dir='ltr'><strong>ab</strong></span> <span class='ocrx_word' id='word_1_93' title='bbox 1237 498 1295 522; x_wconf 86' lang='lat' dir='ltr'><strong>alia</strong></span> <span class='ocrx_word' id='word_1_94' title='bbox 1309 498 1386 522; x_wconf 86' lang='lat' dir='ltr'><strong>dicta</strong></span> <span class='ocrx_word' id='word_1_95' title='bbox 1400 498 1567 530; x_wconf 82' lang='lat' dir='ltr'><strong>Sedeglana,</strong></span> <span class='ocrx_word' id='word_1_96' title='bbox 1581 502 1608 524; x_wconf 88' lang='lat' dir='ltr'><strong>et</strong></span> <span class='ocrx_word' id='word_1_97' title='bbox 1623 501 1769 525; x_wconf 81' lang='lat' dir='ltr'><strong>laboratur</strong></span> <span class='ocrx_word' id='word_1_98' title='bbox 1783 510 1831 534; x_wconf 78' lang='lat' dir='ltr'><strong>per</strong></span> <span class='ocrx_word' id='word_1_99' title='bbox 1846 502 1998 527; x_wconf 84' lang='lat' dir='ltr'><strong>Andream.</strong></span> 
     </span>
     <span class='ocr_line' id='line_1_17' title="bbox 158 542 2003 577; baseline 0.002 -10"><span class='ocrx_word' id='word_1_100' title='bbox 158 543 237 573; x_wconf 83' lang='lat' dir='ltr'><strong>Item,</strong></span> <span class='ocrx_word' id='word_1_101' title='bbox 255 544 332 567; x_wconf 90' lang='lat' dir='ltr'><strong>circa</strong></span> <span class='ocrx_word' id='word_1_102' title='bbox 345 551 461 576; x_wconf 85' lang='lat' dir='ltr'><strong>campos</strong></span> <span class='ocrx_word' id='word_1_103' title='bbox 480 545 595 575; x_wconf 80' lang='lat' dir='ltr'><strong>septem,</strong></span> <span class='ocrx_word' id='word_1_104' title='bbox 615 545 738 576; x_wconf 83' lang='lat' dir='ltr'><strong>perticas</strong></span> <span class='ocrx_word' id='word_1_105' title='bbox 758 546 824 568; x_wconf 90' lang='lat' dir='ltr'><strong>octo</strong></span> <span class='ocrx_word' id='word_1_106' title='bbox 837 545 911 568; x_wconf 88' lang='lat' dir='ltr'><strong>terre</strong></span> <span class='ocrx_word' id='word_1_107' title='bbox 923 543 1057 573; x_wconf 86' lang='lat' dir='ltr'><strong>aratorie,</strong></span> <span class='ocrx_word' id='word_1_108' title='bbox 1072 543 1194 575; x_wconf 82' lang='lat' dir='ltr'><strong>jacentis</strong></span> <span class='ocrx_word' id='word_1_109' title='bbox 1214 542 1289 573; x_wconf 88' lang='lat' dir='ltr'><strong>apud</strong></span> <span class='ocrx_word' id='word_1_110' title='bbox 1309 542 1459 567; x_wconf 85' lang='lat' dir='ltr'><strong>Runchum</strong></span> <span class='ocrx_word' id='word_1_111' title='bbox 1474 543 1602 574; x_wconf 81' lang='lat' dir='ltr'><strong>fratrum,</strong></span> <span class='ocrx_word' id='word_1_112' title='bbox 1616 545 1651 569; x_wconf 85' lang='lat' dir='ltr'><strong>ab</strong></span> <span class='ocrx_word' id='word_1_113' title='bbox 1666 553 1720 569; x_wconf 85' lang='lat' dir='ltr'><strong>una</strong></span> <span class='ocrx_word' id='word_1_114' title='bbox 1735 548 1814 577; x_wconf 87' lang='lat' dir='ltr'><strong>parte</strong></span> <span class='ocrx_word' id='word_1_115' title='bbox 1828 547 1883 575; x_wconf 85' lang='lat' dir='ltr'><strong>via,</strong></span> <span class='ocrx_word' id='word_1_116' title='bbox 1897 548 1930 571; x_wconf 87' lang='lat' dir='ltr'><strong>ab</strong></span> <span class='ocrx_word' id='word_1_117' title='bbox 1944 547 2003 571; x_wconf 83' lang='lat' dir='ltr'><strong>alia</strong></span> 
     </span>
     <span class='ocr_line' id='line_1_18' title="bbox 158 588 2005 623; baseline 0.003 -12"><span class='ocrx_word' id='word_1_118' title='bbox 158 588 229 612; x_wconf 88' lang='lat' dir='ltr'><strong>dicti</strong></span> <span class='ocrx_word' id='word_1_119' title='bbox 251 588 360 618; x_wconf 79' lang='lat' dir='ltr'><strong>fratres,</strong></span> <span class='ocrx_word' id='word_1_120' title='bbox 379 590 406 611; x_wconf 89' lang='lat' dir='ltr'><strong>et</strong></span> <span class='ocrx_word' id='word_1_121' title='bbox 426 588 573 612; x_wconf 82' lang='lat' dir='ltr'><strong>laboratur</strong></span> <span class='ocrx_word' id='word_1_122' title='bbox 593 595 641 620; x_wconf 90' lang='lat' dir='ltr'><strong>per</strong></span> <span class='ocrx_word' id='word_1_123' title='bbox 660 589 794 613; x_wconf 83' lang='lat' dir='ltr'><strong>Zucham.</strong></span> <span class='ocrx_word' id='word_1_124' title='bbox 831 588 911 616; x_wconf 87' lang='lat' dir='ltr'><strong>Item,</strong></span> <span class='ocrx_word' id='word_1_125' title='bbox 931 589 1006 611; x_wconf 81' lang='lat' dir='ltr'><strong>circa</strong></span> <span class='ocrx_word' id='word_1_126' title='bbox 1026 594 1140 618; x_wconf 87' lang='lat' dir='ltr'><strong>campos</strong></span> <span class='ocrx_word' id='word_1_127' title='bbox 1161 594 1209 610; x_wconf 82' lang='lat' dir='ltr'><strong>sex</strong></span> <span class='ocrx_word' id='word_1_128' title='bbox 1222 588 1249 611; x_wconf 89' lang='lat' dir='ltr'><strong>et</strong></span> <span class='ocrx_word' id='word_1_129' title='bbox 1263 588 1386 618; x_wconf 84' lang='lat' dir='ltr'><strong>perticas</strong></span> <span class='ocrx_word' id='word_1_130' title='bbox 1400 588 1531 611; x_wconf 85' lang='lat' dir='ltr'><strong>undecim</strong></span> <span class='ocrx_word' id='word_1_131' title='bbox 1552 590 1624 613; x_wconf 84' lang='lat' dir='ltr'><strong>terre</strong></span> <span class='ocrx_word' id='word_1_132' title='bbox 1637 591 1770 619; x_wconf 79' lang='lat' dir='ltr'><strong>aratorie,</strong></span> <span class='ocrx_word' id='word_1_133' title='bbox 1790 592 1910 623; x_wconf 88' lang='lat' dir='ltr'><strong>jacentis</strong></span> <span class='ocrx_word' id='word_1_134' title='bbox 1930 592 2005 623; x_wconf 79' lang='lat' dir='ltr'><strong>apud</strong></span> 
     </span>
     <span class='ocr_line' id='line_1_19' title="bbox 155 631 1999 667; baseline 0.003 -12"><span class='ocrx_word' id='word_1_135' title='bbox 155 631 352 664; x_wconf 84' lang='lat' dir='ltr'><strong>Sedeglanam,</strong></span> <span class='ocrx_word' id='word_1_136' title='bbox 376 632 490 657; x_wconf 88' lang='lat' dir='ltr'><strong>coheret</strong></span> <span class='ocrx_word' id='word_1_137' title='bbox 513 633 547 657; x_wconf 89' lang='lat' dir='ltr'><strong>ab</strong></span> <span class='ocrx_word' id='word_1_138' title='bbox 566 640 622 657; x_wconf 89' lang='lat' dir='ltr'><strong>una</strong></span> <span class='ocrx_word' id='word_1_139' title='bbox 641 635 721 665; x_wconf 88' lang='lat' dir='ltr'><strong>parte</strong></span> <span class='ocrx_word' id='word_1_140' title='bbox 742 633 798 661; x_wconf 87' lang='lat' dir='ltr'><strong>via,</strong></span> <span class='ocrx_word' id='word_1_141' title='bbox 819 633 852 656; x_wconf 91' lang='lat' dir='ltr'><strong>ab</strong></span> <span class='ocrx_word' id='word_1_142' title='bbox 877 632 936 656; x_wconf 80' lang='lat' dir='ltr'><strong>aua</strong></span> <span class='ocrx_word' id='word_1_143' title='bbox 961 631 1035 656; x_wconf 83' lang='lat' dir='ltr'><strong>idem</strong></span> <span class='ocrx_word' id='word_1_144' title='bbox 1058 631 1193 655; x_wconf 85' lang='lat' dir='ltr'><strong>dominus</strong></span> <span class='ocrx_word' id='word_1_145' title='bbox 1219 633 1246 655; x_wconf 92' lang='lat' dir='ltr'><strong>et</strong></span> <span class='ocrx_word' id='word_1_146' title='bbox 1264 631 1413 655; x_wconf 84' lang='lat' dir='ltr'><strong>laboratur</strong></span> <span class='ocrx_word' id='word_1_147' title='bbox 1438 640 1486 664; x_wconf 82' lang='lat' dir='ltr'><strong>per</strong></span> <span class='ocrx_word' id='word_1_148' title='bbox 1512 633 1646 657; x_wconf 84' lang='lat' dir='ltr'><strong>Zucham.</strong></span> <span class='ocrx_word' id='word_1_149' title='bbox 1683 634 1760 663; x_wconf 85' lang='lat' dir='ltr'><strong>Item,</strong></span> <span class='ocrx_word' id='word_1_150' title='bbox 1781 637 1856 659; x_wconf 83' lang='lat' dir='ltr'><strong>circa</strong></span> <span class='ocrx_word' id='word_1_151' title='bbox 1877 637 1999 667; x_wconf 79' lang='lat' dir='ltr'><strong>perticas</strong></span> 
     </span>
     <span class='ocr_line' id='line_1_20' title="bbox 157 676 2003 710; baseline 0.002 -10"><span class='ocrx_word' id='word_1_152' title='bbox 157 677 281 707; x_wconf 89' lang='lat' dir='ltr'><strong>quinque</strong></span> <span class='ocrx_word' id='word_1_153' title='bbox 300 678 375 700; x_wconf 87' lang='lat' dir='ltr'><strong>terre</strong></span> <span class='ocrx_word' id='word_1_154' title='bbox 394 677 478 708; x_wconf 89' lang='lat' dir='ltr'><strong>prati,</strong></span> <span class='ocrx_word' id='word_1_155' title='bbox 496 677 618 710; x_wconf 84' lang='lat' dir='ltr'><strong>jacentis</strong></span> <span class='ocrx_word' id='word_1_156' title='bbox 637 678 711 710; x_wconf 89' lang='lat' dir='ltr'><strong>apud</strong></span> <span class='ocrx_word' id='word_1_157' title='bbox 731 676 929 708; x_wconf 87' lang='lat' dir='ltr'><strong>Sedeglanam,</strong></span> <span class='ocrx_word' id='word_1_158' title='bbox 949 676 983 700; x_wconf 87' lang='lat' dir='ltr'><strong>ab</strong></span> <span class='ocrx_word' id='word_1_159' title='bbox 1003 682 1059 699; x_wconf 85' lang='lat' dir='ltr'><strong>una</strong></span> <span class='ocrx_word' id='word_1_160' title='bbox 1079 676 1160 707; x_wconf 86' lang='lat' dir='ltr'><strong>parte</strong></span> <span class='ocrx_word' id='word_1_161' title='bbox 1180 676 1227 699; x_wconf 80' lang='lat' dir='ltr'><strong>via</strong></span> <span class='ocrx_word' id='word_1_162' title='bbox 1246 676 1386 706; x_wconf 85' lang='lat' dir='ltr'><strong>comunis,</strong></span> <span class='ocrx_word' id='word_1_163' title='bbox 1406 676 1441 699; x_wconf 83' lang='lat' dir='ltr'><strong>ab</strong></span> <span class='ocrx_word' id='word_1_164' title='bbox 1462 676 1520 700; x_wconf 87' lang='lat' dir='ltr'><strong>alia</strong></span> <span class='ocrx_word' id='word_1_165' title='bbox 1540 677 1614 700; x_wconf 89' lang='lat' dir='ltr'><strong>idem</strong></span> <span class='ocrx_word' id='word_1_166' title='bbox 1640 678 1783 707; x_wconf 85' lang='lat' dir='ltr'><strong>dominus,</strong></span> <span class='ocrx_word' id='word_1_167' title='bbox 1809 681 1835 702; x_wconf 83' lang='lat' dir='ltr'><strong>et</strong></span> <span class='ocrx_word' id='word_1_168' title='bbox 1856 680 2003 704; x_wconf 77' lang='lat' dir='ltr'><strong>laboratur</strong></span> 
     </span>
     <span class='ocr_line' id='line_1_21' title="bbox 159 721 2003 753; baseline 0.002 -9"><span class='ocrx_word' id='word_1_169' title='bbox 159 727 209 752; x_wconf 90' lang='lat' dir='ltr'><strong>per</strong></span> <span class='ocrx_word' id='word_1_170' title='bbox 220 728 283 744; x_wconf 91' lang='lat' dir='ltr'><strong>eum</strong></span> <span class='ocrx_word' id='word_1_171' title='bbox 297 721 454 745; x_wconf 87' lang='lat' dir='ltr'><strong>dominum.</strong></span> <span class='ocrx_word' id='word_1_172' title='bbox 492 722 571 752; x_wconf 87' lang='lat' dir='ltr'><strong>item,</strong></span> <span class='ocrx_word' id='word_1_173' title='bbox 586 723 659 746; x_wconf 86' lang='lat' dir='ltr'><strong>circa</strong></span> <span class='ocrx_word' id='word_1_174' title='bbox 673 723 730 746; x_wconf 90' lang='lat' dir='ltr'><strong>tres</strong></span> <span class='ocrx_word' id='word_1_175' title='bbox 743 728 858 752; x_wconf 85' lang='lat' dir='ltr'><strong>campos</strong></span> <span class='ocrx_word' id='word_1_176' title='bbox 872 722 900 745; x_wconf 92' lang='lat' dir='ltr'><strong>et</strong></span> <span class='ocrx_word' id='word_1_177' title='bbox 913 722 969 745; x_wconf 89' lang='lat' dir='ltr'><strong>tres</strong></span> <span class='ocrx_word' id='word_1_178' title='bbox 982 721 1142 751; x_wconf 78' lang='lat' dir='ltr'><strong>quarterios</strong></span> <span class='ocrx_word' id='word_1_179' title='bbox 1155 721 1229 743; x_wconf 86' lang='lat' dir='ltr'><strong>terre</strong></span> <span class='ocrx_word' id='word_1_180' title='bbox 1243 721 1378 749; x_wconf 83' lang='lat' dir='ltr'><strong>aratorie,</strong></span> <span class='ocrx_word' id='word_1_181' title='bbox 1398 722 1521 753; x_wconf 77' lang='lat' dir='ltr'><strong>jacentis</strong></span> <span class='ocrx_word' id='word_1_182' title='bbox 1536 729 1623 752; x_wconf 82' lang='lat' dir='ltr'><strong>prope</strong></span> <span class='ocrx_word' id='word_1_183' title='bbox 1637 722 1852 752; x_wconf 83' lang='lat' dir='ltr'><strong>Buscharinum,</strong></span> <span class='ocrx_word' id='word_1_184' title='bbox 1867 732 1880 748; x_wconf 83' lang='lat' dir='ltr'><strong>a</strong></span> <span class='ocrx_word' id='word_1_185' title='bbox 1895 724 2003 748; x_wconf 87' lang='lat' dir='ltr'><strong>duabus</strong></span> 
     </span>
     <span class='ocr_line' id='line_1_22' title="bbox 157 764 2003 797; baseline 0.003 -9"><span class='ocrx_word' id='word_1_186' title='bbox 157 766 287 797; x_wconf 87' lang='lat' dir='ltr'><strong>partibus</strong></span> <span class='ocrx_word' id='word_1_187' title='bbox 305 766 399 790; x_wconf 88' lang='lat' dir='ltr'><strong>dictus</strong></span> <span class='ocrx_word' id='word_1_188' title='bbox 419 766 562 796; x_wconf 84' lang='lat' dir='ltr'><strong>dominus,</strong></span> <span class='ocrx_word' id='word_1_189' title='bbox 581 768 608 790; x_wconf 92' lang='lat' dir='ltr'><strong>et</strong></span> <span class='ocrx_word' id='word_1_190' title='bbox 627 766 774 790; x_wconf 82' lang='lat' dir='ltr'><strong>laboratur</strong></span> <span class='ocrx_word' id='word_1_191' title='bbox 793 773 842 797; x_wconf 91' lang='lat' dir='ltr'><strong>per</strong></span> <span class='ocrx_word' id='word_1_192' title='bbox 860 764 1075 796; x_wconf 84' lang='lat' dir='ltr'><strong>Pasqualinum.</strong></span> <span class='ocrx_word' id='word_1_193' title='bbox 1113 764 1193 793; x_wconf 89' lang='lat' dir='ltr'><strong>Item,</strong></span> <span class='ocrx_word' id='word_1_194' title='bbox 1206 772 1293 788; x_wconf 90' lang='lat' dir='ltr'><strong>unum</strong></span> <span class='ocrx_word' id='word_1_195' title='bbox 1314 772 1444 796; x_wconf 84' lang='lat' dir='ltr'><strong>campum</strong></span> <span class='ocrx_word' id='word_1_196' title='bbox 1463 768 1491 789; x_wconf 85' lang='lat' dir='ltr'><strong>et</strong></span> <span class='ocrx_word' id='word_1_197' title='bbox 1512 767 1635 797; x_wconf 80' lang='lat' dir='ltr'><strong>perticas</strong></span> <span class='ocrx_word' id='word_1_198' title='bbox 1655 768 1721 790; x_wconf 90' lang='lat' dir='ltr'><strong>octo</strong></span> <span class='ocrx_word' id='word_1_199' title='bbox 1742 769 1814 791; x_wconf 80' lang='lat' dir='ltr'><strong>terre</strong></span> <span class='ocrx_word' id='word_1_200' title='bbox 1834 770 1957 792; x_wconf 84' lang='lat' dir='ltr'><strong>aratorie</strong></span> <span class='ocrx_word' id='word_1_201' title='bbox 1976 771 2003 793; x_wconf 77' lang='lat' dir='ltr'><strong>et</strong></span> 
     </span>
     <span class='ocr_line' id='line_1_23' title="bbox 157 808 2002 843; baseline 0.002 -10"><span class='ocrx_word' id='word_1_202' title='bbox 157 810 292 841; x_wconf 84' lang='lat' dir='ltr'><strong>pratalee‚</strong></span> <span class='ocrx_word' id='word_1_203' title='bbox 309 811 432 843; x_wconf 74' lang='lat' dir='ltr'><strong>Jacentis</strong></span> <span class='ocrx_word' id='word_1_204' title='bbox 451 818 539 843; x_wconf 90' lang='lat' dir='ltr'><strong>prope</strong></span> <span class='ocrx_word' id='word_1_205' title='bbox 558 812 751 835; x_wconf 82' lang='lat' dir='ltr'><strong>casamentum</strong></span> <span class='ocrx_word' id='word_1_206' title='bbox 772 809 874 839; x_wconf 82' lang='lat' dir='ltr'><strong>Zuche,</strong></span> <span class='ocrx_word' id='word_1_207' title='bbox 893 816 909 833; x_wconf 92' lang='lat' dir='ltr'><strong>a</strong></span> <span class='ocrx_word' id='word_1_208' title='bbox 928 808 1036 833; x_wconf 83' lang='lat' dir='ltr'><strong>duabus</strong></span> <span class='ocrx_word' id='word_1_209' title='bbox 1056 809 1187 840; x_wconf 86' lang='lat' dir='ltr'><strong>partibus</strong></span> <span class='ocrx_word' id='word_1_210' title='bbox 1207 810 1301 833; x_wconf 87' lang='lat' dir='ltr'><strong>dictus</strong></span> <span class='ocrx_word' id='word_1_211' title='bbox 1321 810 1465 839; x_wconf 83' lang='lat' dir='ltr'><strong>dominus,</strong></span> <span class='ocrx_word' id='word_1_212' title='bbox 1485 812 1513 834; x_wconf 87' lang='lat' dir='ltr'><strong>et</strong></span> <span class='ocrx_word' id='word_1_213' title='bbox 1532 810 1680 835; x_wconf 85' lang='lat' dir='ltr'><strong>laboratur</strong></span> <span class='ocrx_word' id='word_1_214' title='bbox 1692 818 1741 843; x_wconf 88' lang='lat' dir='ltr'><strong>per</strong></span> <span class='ocrx_word' id='word_1_215' title='bbox 1754 812 1886 836; x_wconf 80' lang='lat' dir='ltr'><strong>Zueham.</strong></span> <span class='ocrx_word' id='word_1_216' title='bbox 1924 814 2002 842; x_wconf 75' lang='lat' dir='ltr'><strong>Item,</strong></span> 
     </span>
     <span class='ocr_line' id='line_1_24' title="bbox 157 853 2004 887; baseline 0.002 -10"><span class='ocrx_word' id='word_1_217' title='bbox 157 855 232 878; x_wconf 81' lang='lat' dir='ltr'><strong>circa</strong></span> <span class='ocrx_word' id='word_1_218' title='bbox 245 856 368 886; x_wconf 82' lang='lat' dir='ltr'><strong>perticas</strong></span> <span class='ocrx_word' id='word_1_219' title='bbox 381 857 489 887; x_wconf 84' lang='lat' dir='ltr'><strong>septem</strong></span> <span class='ocrx_word' id='word_1_220' title='bbox 502 857 530 879; x_wconf 85' lang='lat' dir='ltr'><strong>et</strong></span> <span class='ocrx_word' id='word_1_221' title='bbox 542 855 655 879; x_wconf 83' lang='lat' dir='ltr'><strong>tabulas</strong></span> <span class='ocrx_word' id='word_1_222' title='bbox 675 854 782 886; x_wconf 89' lang='lat' dir='ltr'><strong>viginti</strong></span> <span class='ocrx_word' id='word_1_223' title='bbox 803 855 876 877; x_wconf 82' lang='lat' dir='ltr'><strong>terre</strong></span> <span class='ocrx_word' id='word_1_224' title='bbox 896 853 1029 882; x_wconf 83' lang='lat' dir='ltr'><strong>aratorie,</strong></span> <span class='ocrx_word' id='word_1_225' title='bbox 1043 854 1165 886; x_wconf 75' lang='lat' dir='ltr'><strong>jacentis</strong></span> <span class='ocrx_word' id='word_1_226' title='bbox 1183 853 1214 877; x_wconf 87' lang='lat' dir='ltr'><strong>in</strong></span> <span class='ocrx_word' id='word_1_227' title='bbox 1235 853 1307 877; x_wconf 85' lang='lat' dir='ltr'><strong>villa</strong></span> <span class='ocrx_word' id='word_1_228' title='bbox 1321 853 1400 878; x_wconf 86' lang='lat' dir='ltr'><strong>Cessi</strong></span> <span class='ocrx_word' id='word_1_229' title='bbox 1421 854 1450 877; x_wconf 89' lang='lat' dir='ltr'><strong>in</strong></span> <span class='ocrx_word' id='word_1_230' title='bbox 1466 855 1559 885; x_wconf 88' lang='lat' dir='ltr'><strong>capite</strong></span> <span class='ocrx_word' id='word_1_231' title='bbox 1579 855 1729 879; x_wconf 87' lang='lat' dir='ltr'><strong>sediminis</strong></span> <span class='ocrx_word' id='word_1_232' title='bbox 1743 856 1871 883; x_wconf 80' lang='lat' dir='ltr'><strong>fratrum,</strong></span> <span class='ocrx_word' id='word_1_233' title='bbox 1891 857 2004 881; x_wconf 80' lang='lat' dir='ltr'><strong>coheret</strong></span> 
     </span>
     <span class='ocr_line' id='line_1_25' title="bbox 157 898 2002 932; baseline 0.002 -10"><span class='ocrx_word' id='word_1_234' title='bbox 157 906 172 922; x_wconf 91' lang='lat' dir='ltr'><strong>a</strong></span> <span class='ocrx_word' id='word_1_235' title='bbox 191 899 299 923; x_wconf 77' lang='lat' dir='ltr'><strong>duabus</strong></span> <span class='ocrx_word' id='word_1_236' title='bbox 319 900 448 931; x_wconf 85' lang='lat' dir='ltr'><strong>partibus</strong></span> <span class='ocrx_word' id='word_1_237' title='bbox 467 900 562 924; x_wconf 88' lang='lat' dir='ltr'><strong>dictus</strong></span> <span class='ocrx_word' id='word_1_238' title='bbox 582 899 722 927; x_wconf 90' lang='lat' dir='ltr'><strong>dominus,</strong></span> <span class='ocrx_word' id='word_1_239' title='bbox 741 899 770 922; x_wconf 88' lang='lat' dir='ltr'><strong>et</strong></span> <span class='ocrx_word' id='word_1_240' title='bbox 789 898 938 922; x_wconf 86' lang='lat' dir='ltr'><strong>laboratur</strong></span> <span class='ocrx_word' id='word_1_241' title='bbox 957 905 1006 929; x_wconf 89' lang='lat' dir='ltr'><strong>per</strong></span> <span class='ocrx_word' id='word_1_242' title='bbox 1024 898 1204 931; x_wconf 74' lang='lat' dir='ltr'><strong>Lacarinum.</strong></span> <span class='ocrx_word' id='word_1_243' title='bbox 1241 898 1320 926; x_wconf 84' lang='lat' dir='ltr'><strong>Item,</strong></span> <span class='ocrx_word' id='word_1_244' title='bbox 1339 899 1415 922; x_wconf 81' lang='lat' dir='ltr'><strong>circa</strong></span> <span class='ocrx_word' id='word_1_245' title='bbox 1442 905 1558 931; x_wconf 88' lang='lat' dir='ltr'><strong>campos</strong></span> <span class='ocrx_word' id='word_1_246' title='bbox 1578 901 1644 922; x_wconf 91' lang='lat' dir='ltr'><strong>octo</strong></span> <span class='ocrx_word' id='word_1_247' title='bbox 1664 902 1691 923; x_wconf 87' lang='lat' dir='ltr'><strong>et</strong></span> <span class='ocrx_word' id='word_1_248' title='bbox 1711 901 1834 932; x_wconf 61' lang='lat' dir='ltr'><strong>perticas</strong></span> <span class='ocrx_word' id='word_1_249' title='bbox 1853 903 1910 924; x_wconf 85' lang='lat' dir='ltr'><strong>tres</strong></span> <span class='ocrx_word' id='word_1_250' title='bbox 1928 904 2002 925; x_wconf 82' lang='lat' dir='ltr'><strong>terre</strong></span> 
     </span>
     <span class='ocr_line' id='line_1_26' title="bbox 157 942 2000 977; baseline 0.001 -10"><span class='ocrx_word' id='word_1_251' title='bbox 157 945 290 974; x_wconf 84' lang='lat' dir='ltr'><strong>aratorie,</strong></span> <span class='ocrx_word' id='word_1_252' title='bbox 309 945 430 977; x_wconf 79' lang='lat' dir='ltr'><strong>jacentis</strong></span> <span class='ocrx_word' id='word_1_253' title='bbox 447 952 496 976; x_wconf 87' lang='lat' dir='ltr'><strong>per</strong></span> <span class='ocrx_word' id='word_1_254' title='bbox 516 944 638 968; x_wconf 87' lang='lat' dir='ltr'><strong>medium</strong></span> <span class='ocrx_word' id='word_1_255' title='bbox 658 942 815 967; x_wconf 73' lang='lat' dir='ltr'><strong>helfredurn</strong></span> <span class='ocrx_word' id='word_1_256' title='bbox 829 942 1007 966; x_wconf 83' lang='lat' dir='ltr'><strong>Marchionis</strong></span> <span class='ocrx_word' id='word_1_257' title='bbox 1020 942 1158 973; x_wconf 90' lang='lat' dir='ltr'><strong>Estensis,</strong></span> <span class='ocrx_word' id='word_1_258' title='bbox 1171 942 1220 966; x_wconf 84' lang='lat' dir='ltr'><strong>ubi</strong></span> <span class='ocrx_word' id='word_1_259' title='bbox 1234 942 1341 967; x_wconf 91' lang='lat' dir='ltr'><strong>dicitur</strong></span> <span class='ocrx_word' id='word_1_260' title='bbox 1355 942 1475 975; x_wconf 88' lang='lat' dir='ltr'><strong>Clappa,</strong></span> <span class='ocrx_word' id='word_1_261' title='bbox 1495 944 1638 968; x_wconf 87' lang='lat' dir='ltr'><strong>veniendo</strong></span> <span class='ocrx_word' id='word_1_262' title='bbox 1654 952 1750 968; x_wconf 86' lang='lat' dir='ltr'><strong>versus</strong></span> <span class='ocrx_word' id='word_1_263' title='bbox 1764 946 2000 977; x_wconf 86' lang='lat' dir='ltr'><strong>Burgumsortem,</strong></span> 
     </span>
     <span class='ocr_line' id='line_1_27' title="bbox 156 987 1998 1019; baseline 0.002 -8"><span class='ocrx_word' id='word_1_264' title='bbox 156 990 184 1011; x_wconf 90' lang='lat' dir='ltr'><strong>et</strong></span> <span class='ocrx_word' id='word_1_265' title='bbox 202 988 236 1012; x_wconf 86' lang='lat' dir='ltr'><strong>dc</strong></span> <span class='ocrx_word' id='word_1_266' title='bbox 256 989 320 1013; x_wconf 84' lang='lat' dir='ltr'><strong>istis</strong></span> <span class='ocrx_word' id='word_1_267' title='bbox 342 991 384 1013; x_wconf 84' lang='lat' dir='ltr'><strong>est</strong></span> <span class='ocrx_word' id='word_1_268' title='bbox 403 989 478 1013; x_wconf 83' lang='lat' dir='ltr'><strong>circa</strong></span> <span class='ocrx_word' id='word_1_269' title='bbox 498 996 583 1012; x_wconf 89' lang='lat' dir='ltr'><strong>unum</strong></span> <span class='ocrx_word' id='word_1_270' title='bbox 603 995 733 1019; x_wconf 85' lang='lat' dir='ltr'><strong>campum</strong></span> <span class='ocrx_word' id='word_1_271' title='bbox 753 987 838 1019; x_wconf 84' lang='lat' dir='ltr'><strong>prati,</strong></span> <span class='ocrx_word' id='word_1_272' title='bbox 855 987 972 1011; x_wconf 86' lang='lat' dir='ltr'><strong>coheret</strong></span> <span class='ocrx_word' id='word_1_273' title='bbox 992 987 1027 1011; x_wconf 91' lang='lat' dir='ltr'><strong>ab</strong></span> <span class='ocrx_word' id='word_1_274' title='bbox 1047 994 1102 1011; x_wconf 86' lang='lat' dir='ltr'><strong>una</strong></span> <span class='ocrx_word' id='word_1_275' title='bbox 1122 989 1202 1019; x_wconf 84' lang='lat' dir='ltr'><strong>parte</strong></span> <span class='ocrx_word' id='word_1_276' title='bbox 1223 988 1270 1011; x_wconf 89' lang='lat' dir='ltr'><strong>via</strong></span> <span class='ocrx_word' id='word_1_277' title='bbox 1294 989 1461 1019; x_wconf 84' lang='lat' dir='ltr'><strong>communis,</strong></span> <span class='ocrx_word' id='word_1_278' title='bbox 1481 988 1517 1012; x_wconf 83' lang='lat' dir='ltr'><strong>ab</strong></span> <span class='ocrx_word' id='word_1_279' title='bbox 1531 988 1599 1012; x_wconf 85' lang='lat' dir='ltr'><strong>aliis</strong></span> <span class='ocrx_word' id='word_1_280' title='bbox 1620 988 1695 1012; x_wconf 84' lang='lat' dir='ltr'><strong>idern</strong></span> <span class='ocrx_word' id='word_1_281' title='bbox 1715 990 1859 1019; x_wconf 84' lang='lat' dir='ltr'><strong>dominus,</strong></span> <span class='ocrx_word' id='word_1_282' title='bbox 1873 992 1901 1014; x_wconf 90' lang='lat' dir='ltr'><strong>et</strong></span> <span class='ocrx_word' id='word_1_283' title='bbox 1920 990 1998 1015; x_wconf 79' lang='lat' dir='ltr'><strong>labo-</strong></span> 
     </span>
     <span class='ocr_line' id='line_1_28' title="bbox 155 1031 2001 1066; baseline 0.002 -10"><span class='ocrx_word' id='word_1_284' title='bbox 155 1034 235 1057; x_wconf 85' lang='lat' dir='ltr'><strong>ratur</strong></span> <span class='ocrx_word' id='word_1_285' title='bbox 254 1041 303 1066; x_wconf 89' lang='lat' dir='ltr'><strong>per</strong></span> <span class='ocrx_word' id='word_1_286' title='bbox 322 1034 522 1066; x_wconf 88' lang='lat' dir='ltr'><strong>Rustigellum,</strong></span> <span class='ocrx_word' id='word_1_287' title='bbox 540 1032 700 1065; x_wconf 84' lang='lat' dir='ltr'><strong>Spineliam</strong></span> <span class='ocrx_word' id='word_1_288' title='bbox 720 1033 748 1056; x_wconf 85' lang='lat' dir='ltr'><strong>et</strong></span> <span class='ocrx_word' id='word_1_289' title='bbox 772 1032 847 1056; x_wconf 86' lang='lat' dir='ltr'><strong>alios</strong></span> <span class='ocrx_word' id='word_1_290' title='bbox 871 1033 904 1056; x_wconf 88' lang='lat' dir='ltr'><strong>de</strong></span> <span class='ocrx_word' id='word_1_291' title='bbox 924 1032 1101 1063; x_wconf 80' lang='lat' dir='ltr'><strong>Burgoforti.</strong></span> <span class='ocrx_word' id='word_1_292' title='bbox 1138 1031 1218 1061; x_wconf 90' lang='lat' dir='ltr'><strong>Item,</strong></span> <span class='ocrx_word' id='word_1_293' title='bbox 1238 1034 1314 1056; x_wconf 86' lang='lat' dir='ltr'><strong>circa</strong></span> <span class='ocrx_word' id='word_1_294' title='bbox 1341 1040 1456 1065; x_wconf 83' lang='lat' dir='ltr'><strong>campos</strong></span> <span class='ocrx_word' id='word_1_295' title='bbox 1481 1034 1607 1064; x_wconf 87' lang='lat' dir='ltr'><strong>quinque</strong></span> <span class='ocrx_word' id='word_1_296' title='bbox 1633 1036 1661 1058; x_wconf 88' lang='lat' dir='ltr'><strong>et</strong></span> <span class='ocrx_word' id='word_1_297' title='bbox 1686 1034 1837 1058; x_wconf 81' lang='lat' dir='ltr'><strong>dimidiam</strong></span> <span class='ocrx_word' id='word_1_298' title='bbox 1864 1036 2001 1066; x_wconf 82' lang='lat' dir='ltr'><strong>perticam</strong></span> 
     </span>
     <span class='ocr_line' id='line_1_29' title="bbox 155 1073 2001 1111; baseline 0.002 -11"><span class='ocrx_word' id='word_1_299' title='bbox 155 1079 228 1101; x_wconf 86' lang='lat' dir='ltr'><strong>terre</strong></span> <span class='ocrx_word' id='word_1_300' title='bbox 245 1079 379 1108; x_wconf 85' lang='lat' dir='ltr'><strong>aratorie,</strong></span> <span class='ocrx_word' id='word_1_301' title='bbox 393 1078 519 1111; x_wconf 67' lang='lat' dir='ltr'><strong>jacentis,</strong></span> <span class='ocrx_word' id='word_1_302' title='bbox 533 1084 618 1109; x_wconf 86' lang='lat' dir='ltr'><strong>penes</strong></span> <span class='ocrx_word' id='word_1_303' title='bbox 637 1076 724 1108; x_wconf 88' lang='lat' dir='ltr'><strong>illam,</strong></span> <span class='ocrx_word' id='word_1_304' title='bbox 746 1077 861 1100; x_wconf 85' lang='lat' dir='ltr'><strong>coheret</strong></span> <span class='ocrx_word' id='word_1_305' title='bbox 880 1077 914 1100; x_wconf 91' lang='lat' dir='ltr'><strong>ab</strong></span> <span class='ocrx_word' id='word_1_306' title='bbox 934 1084 989 1100; x_wconf 88' lang='lat' dir='ltr'><strong>una</strong></span> <span class='ocrx_word' id='word_1_307' title='bbox 1010 1078 1089 1108; x_wconf 88' lang='lat' dir='ltr'><strong>parte</strong></span> <span class='ocrx_word' id='word_1_308' title='bbox 1109 1073 1165 1106; x_wconf 86' lang='lat' dir='ltr'><strong>via,</strong></span> <span class='ocrx_word' id='word_1_309' title='bbox 1185 1077 1219 1101; x_wconf 85' lang='lat' dir='ltr'><strong>ab</strong></span> <span class='ocrx_word' id='word_1_310' title='bbox 1234 1077 1291 1101; x_wconf 83' lang='lat' dir='ltr'><strong>alia</strong></span> <span class='ocrx_word' id='word_1_311' title='bbox 1312 1077 1338 1101; x_wconf 90' lang='lat' dir='ltr'><strong>d.</strong></span> <span class='ocrx_word' id='word_1_312' title='bbox 1358 1077 1536 1108; x_wconf 78' lang='lat' dir='ltr'><strong>Bonisacius,</strong></span> <span class='ocrx_word' id='word_1_313' title='bbox 1556 1080 1583 1101; x_wconf 90' lang='lat' dir='ltr'><strong>et</strong></span> <span class='ocrx_word' id='word_1_314' title='bbox 1597 1078 1746 1102; x_wconf 83' lang='lat' dir='ltr'><strong>laboratur</strong></span> <span class='ocrx_word' id='word_1_315' title='bbox 1760 1086 1809 1110; x_wconf 89' lang='lat' dir='ltr'><strong>per</strong></span> <span class='ocrx_word' id='word_1_316' title='bbox 1823 1078 2001 1111; x_wconf 85' lang='lat' dir='ltr'><strong>Gualengum</strong></span> 
     </span>
     <span class='ocr_line' id='line_1_30' title="bbox 153 1121 2001 1155; baseline 0.001 -9"><span class='ocrx_word' id='word_1_317' title='bbox 153 1123 181 1145; x_wconf 88' lang='lat' dir='ltr'><strong>et</strong></span> <span class='ocrx_word' id='word_1_318' title='bbox 200 1122 377 1147; x_wconf 89' lang='lat' dir='ltr'><strong>Dionisium.</strong></span> <span class='ocrx_word' id='word_1_319' title='bbox 413 1123 491 1150; x_wconf 89' lang='lat' dir='ltr'><strong>Item,</strong></span> <span class='ocrx_word' id='word_1_320' title='bbox 511 1123 587 1146; x_wconf 82' lang='lat' dir='ltr'><strong>circa</strong></span> <span class='ocrx_word' id='word_1_321' title='bbox 606 1127 720 1153; x_wconf 88' lang='lat' dir='ltr'><strong>campos</strong></span> <span class='ocrx_word' id='word_1_322' title='bbox 740 1122 865 1152; x_wconf 90' lang='lat' dir='ltr'><strong>quinque</strong></span> <span class='ocrx_word' id='word_1_323' title='bbox 885 1123 913 1145; x_wconf 86' lang='lat' dir='ltr'><strong>et</strong></span> <span class='ocrx_word' id='word_1_324' title='bbox 931 1121 1055 1144; x_wconf 78' lang='lat' dir='ltr'><strong>mediam</strong></span> <span class='ocrx_word' id='word_1_325' title='bbox 1081 1122 1219 1153; x_wconf 88' lang='lat' dir='ltr'><strong>perticam</strong></span> <span class='ocrx_word' id='word_1_326' title='bbox 1244 1123 1317 1146; x_wconf 86' lang='lat' dir='ltr'><strong>terre</strong></span> <span class='ocrx_word' id='word_1_327' title='bbox 1343 1123 1476 1151; x_wconf 81' lang='lat' dir='ltr'><strong>aratorie,</strong></span> <span class='ocrx_word' id='word_1_328' title='bbox 1496 1124 1618 1155; x_wconf 76' lang='lat' dir='ltr'><strong>jacentis</strong></span> <span class='ocrx_word' id='word_1_329' title='bbox 1645 1130 1730 1155; x_wconf 84' lang='lat' dir='ltr'><strong>penes</strong></span> <span class='ocrx_word' id='word_1_330' title='bbox 1750 1124 1833 1148; x_wconf 80' lang='lat' dir='ltr'><strong>istam</strong></span> <span class='ocrx_word' id='word_1_331' title='bbox 1854 1124 1884 1147; x_wconf 90' lang='lat' dir='ltr'><strong>in</strong></span> <span class='ocrx_word' id='word_1_332' title='bbox 1905 1124 2001 1148; x_wconf 88' lang='lat' dir='ltr'><strong>eadem</strong></span> 
     </span>
     <span class='ocr_line' id='line_1_31' title="bbox 154 1166 2002 1199; baseline 0.002 -10"><span class='ocrx_word' id='word_1_333' title='bbox 154 1169 296 1197; x_wconf 83' lang='lat' dir='ltr'><strong>contrata,</strong></span> <span class='ocrx_word' id='word_1_334' title='bbox 309 1167 422 1191; x_wconf 85' lang='lat' dir='ltr'><strong>coheret</strong></span> <span class='ocrx_word' id='word_1_335' title='bbox 441 1167 474 1190; x_wconf 86' lang='lat' dir='ltr'><strong>ab</strong></span> <span class='ocrx_word' id='word_1_336' title='bbox 495 1174 550 1190; x_wconf 88' lang='lat' dir='ltr'><strong>una</strong></span> <span class='ocrx_word' id='word_1_337' title='bbox 571 1168 650 1198; x_wconf 84' lang='lat' dir='ltr'><strong>parte</strong></span> <span class='ocrx_word' id='word_1_338' title='bbox 670 1166 726 1196; x_wconf 89' lang='lat' dir='ltr'><strong>via,</strong></span> <span class='ocrx_word' id='word_1_339' title='bbox 747 1166 781 1189; x_wconf 89' lang='lat' dir='ltr'><strong>ab</strong></span> <span class='ocrx_word' id='word_1_340' title='bbox 801 1166 858 1190; x_wconf 85' lang='lat' dir='ltr'><strong>alia</strong></span> <span class='ocrx_word' id='word_1_341' title='bbox 872 1166 947 1190; x_wconf 90' lang='lat' dir='ltr'><strong>idem</strong></span> <span class='ocrx_word' id='word_1_342' title='bbox 968 1166 1110 1194; x_wconf 81' lang='lat' dir='ltr'><strong>dominus,</strong></span> <span class='ocrx_word' id='word_1_343' title='bbox 1125 1168 1152 1189; x_wconf 88' lang='lat' dir='ltr'><strong>et</strong></span> <span class='ocrx_word' id='word_1_344' title='bbox 1167 1166 1313 1190; x_wconf 85' lang='lat' dir='ltr'><strong>laboratur</strong></span> <span class='ocrx_word' id='word_1_345' title='bbox 1327 1173 1376 1199; x_wconf 87' lang='lat' dir='ltr'><strong>per</strong></span> <span class='ocrx_word' id='word_1_346' title='bbox 1390 1166 1571 1199; x_wconf 84' lang='lat' dir='ltr'><strong>Guaiengum</strong></span> <span class='ocrx_word' id='word_1_347' title='bbox 1592 1169 1618 1191; x_wconf 89' lang='lat' dir='ltr'><strong>et</strong></span> <span class='ocrx_word' id='word_1_348' title='bbox 1632 1168 1810 1193; x_wconf 84' lang='lat' dir='ltr'><strong>Dionisium.</strong></span> <span class='ocrx_word' id='word_1_349' title='bbox 1833 1168 1914 1199; x_wconf 87' lang='lat' dir='ltr'><strong>Item,</strong></span> <span class='ocrx_word' id='word_1_350' title='bbox 1928 1171 2002 1194; x_wconf 84' lang='lat' dir='ltr'><strong>circa</strong></span> 
     </span>
     <span class='ocr_line' id='line_1_32' title="bbox 151 1204 2001 1246; baseline 0.002 -12"><span class='ocrx_word' id='word_1_351' title='bbox 151 1218 266 1243; x_wconf 86' lang='lat' dir='ltr'><strong>campos</strong></span> <span class='ocrx_word' id='word_1_352' title='bbox 292 1211 443 1236; x_wconf 82' lang='lat' dir='ltr'><strong>duodecim</strong></span> <span class='ocrx_word' id='word_1_353' title='bbox 468 1213 541 1235; x_wconf 89' lang='lat' dir='ltr'><strong>terre</strong></span> <span class='ocrx_word' id='word_1_354' title='bbox 566 1211 694 1235; x_wconf 85' lang='lat' dir='ltr'><strong>aratorie</strong></span> <span class='ocrx_word' id='word_1_355' title='bbox 713 1211 747 1235; x_wconf 91' lang='lat' dir='ltr'><strong>de</strong></span> <span class='ocrx_word' id='word_1_356' title='bbox 772 1218 828 1235; x_wconf 86' lang='lat' dir='ltr'><strong>una</strong></span> <span class='ocrx_word' id='word_1_357' title='bbox 854 1211 935 1243; x_wconf 80' lang='lat' dir='ltr'><strong>pecia</strong></span> <span class='ocrx_word' id='word_1_358' title='bbox 954 1212 1027 1235; x_wconf 88' lang='lat' dir='ltr'><strong>terre</strong></span> <span class='ocrx_word' id='word_1_359' title='bbox 1053 1211 1178 1235; x_wconf 83' lang='lat' dir='ltr'><strong>aratorie</strong></span> <span class='ocrx_word' id='word_1_360' title='bbox 1197 1211 1340 1235; x_wconf 84' lang='lat' dir='ltr'><strong>sexdecim</strong></span> <span class='ocrx_word' id='word_1_361' title='bbox 1362 1219 1536 1243; x_wconf 88' lang='lat' dir='ltr'><strong>camporum,</strong></span> <span class='ocrx_word' id='word_1_362' title='bbox 1555 1213 1678 1245; x_wconf 80' lang='lat' dir='ltr'><strong>jacentis</strong></span> <span class='ocrx_word' id='word_1_363' title='bbox 1699 1204 1789 1244; x_wconf 84' lang='lat' dir='ltr'><strong>prope</strong></span> <span class='ocrx_word' id='word_1_364' title='bbox 1808 1214 2001 1246; x_wconf 81' lang='lat' dir='ltr'><strong>supradictam</strong></span> 
     </span>
     <span class='ocr_line' id='line_1_33' title="bbox 153 1255 1999 1287; baseline 0.002 -9"><span class='ocrx_word' id='word_1_365' title='bbox 153 1257 262 1286; x_wconf 84' lang='lat' dir='ltr'><strong>peciam</strong></span> <span class='ocrx_word' id='word_1_366' title='bbox 274 1258 355 1284; x_wconf 89' lang='lat' dir='ltr'><strong>terre,</strong></span> <span class='ocrx_word' id='word_1_367' title='bbox 369 1256 484 1280; x_wconf 86' lang='lat' dir='ltr'><strong>coheret</strong></span> <span class='ocrx_word' id='word_1_368' title='bbox 501 1256 536 1279; x_wconf 87' lang='lat' dir='ltr'><strong>ab</strong></span> <span class='ocrx_word' id='word_1_369' title='bbox 557 1263 613 1280; x_wconf 88' lang='lat' dir='ltr'><strong>una</strong></span> <span class='ocrx_word' id='word_1_370' title='bbox 634 1257 714 1287; x_wconf 80' lang='lat' dir='ltr'><strong>parte</strong></span> <span class='ocrx_word' id='word_1_371' title='bbox 733 1256 789 1286; x_wconf 85' lang='lat' dir='ltr'><strong>via,</strong></span> <span class='ocrx_word' id='word_1_372' title='bbox 811 1256 845 1279; x_wconf 91' lang='lat' dir='ltr'><strong>ab</strong></span> <span class='ocrx_word' id='word_1_373' title='bbox 867 1255 934 1279; x_wconf 85' lang='lat' dir='ltr'><strong>aliis</strong></span> <span class='ocrx_word' id='word_1_374' title='bbox 954 1255 1028 1279; x_wconf 85' lang='lat' dir='ltr'><strong>idem</strong></span> <span class='ocrx_word' id='word_1_375' title='bbox 1050 1255 1075 1279; x_wconf 90' lang='lat' dir='ltr'><strong>d.</strong></span> <span class='ocrx_word' id='word_1_376' title='bbox 1097 1255 1265 1280; x_wconf 79' lang='lat' dir='ltr'><strong>Bonifacius</strong></span> <span class='ocrx_word' id='word_1_377' title='bbox 1285 1258 1312 1279; x_wconf 89' lang='lat' dir='ltr'><strong>et</strong></span> <span class='ocrx_word' id='word_1_378' title='bbox 1332 1256 1357 1279; x_wconf 92' lang='lat' dir='ltr'><strong>d.</strong></span> <span class='ocrx_word' id='word_1_379' title='bbox 1379 1256 1537 1285; x_wconf 82' lang='lat' dir='ltr'><strong>Marsiiius,</strong></span> <span class='ocrx_word' id='word_1_380' title='bbox 1557 1259 1584 1281; x_wconf 86' lang='lat' dir='ltr'><strong>et</strong></span> <span class='ocrx_word' id='word_1_381' title='bbox 1605 1257 1751 1281; x_wconf 82' lang='lat' dir='ltr'><strong>laboratur</strong></span> <span class='ocrx_word' id='word_1_382' title='bbox 1771 1259 1834 1282; x_wconf 84' lang='lat' dir='ltr'><strong>tota</strong></span> <span class='ocrx_word' id='word_1_383' title='bbox 1853 1258 1905 1282; x_wconf 83' lang='lat' dir='ltr'><strong>illa</strong></span> <span class='ocrx_word' id='word_1_384' title='bbox 1926 1260 1999 1282; x_wconf 88' lang='lat' dir='ltr'><strong>terra</strong></span> 
     </span>
     <span class='ocr_line' id='line_1_34' title="bbox 151 1299 2001 1332; baseline 0.002 -9"><span class='ocrx_word' id='word_1_385' title='bbox 151 1299 293 1324; x_wconf 83' lang='lat' dir='ltr'><strong>sexdecim</strong></span> <span class='ocrx_word' id='word_1_386' title='bbox 314 1307 477 1332; x_wconf 86' lang='lat' dir='ltr'><strong>camporum</strong></span> <span class='ocrx_word' id='word_1_387' title='bbox 497 1307 547 1332; x_wconf 86' lang='lat' dir='ltr'><strong>per</strong></span> <span class='ocrx_word' id='word_1_388' title='bbox 560 1300 733 1331; x_wconf 75' lang='lat' dir='ltr'><strong>JacobInum</strong></span> <span class='ocrx_word' id='word_1_389' title='bbox 752 1299 933 1331; x_wconf 84' lang='lat' dir='ltr'><strong>Gualengum</strong></span> <span class='ocrx_word' id='word_1_390' title='bbox 954 1301 981 1323; x_wconf 86' lang='lat' dir='ltr'><strong>et</strong></span> <span class='ocrx_word' id='word_1_391' title='bbox 1000 1300 1136 1331; x_wconf 84' lang='lat' dir='ltr'><strong>quosdam</strong></span> <span class='ocrx_word' id='word_1_392' title='bbox 1157 1300 1233 1324; x_wconf 82' lang='lat' dir='ltr'><strong>alios</strong></span> <span class='ocrx_word' id='word_1_393' title='bbox 1253 1300 1286 1324; x_wconf 89' lang='lat' dir='ltr'><strong>de</strong></span> <span class='ocrx_word' id='word_1_394' title='bbox 1308 1301 1486 1332; x_wconf 84' lang='lat' dir='ltr'><strong>Burgoforti,</strong></span> <span class='ocrx_word' id='word_1_395' title='bbox 1511 1303 1539 1325; x_wconf 91' lang='lat' dir='ltr'><strong>et</strong></span> <span class='ocrx_word' id='word_1_396' title='bbox 1560 1301 1634 1325; x_wconf 81' lang='lat' dir='ltr'><strong>forte</strong></span> <span class='ocrx_word' id='word_1_397' title='bbox 1655 1302 1710 1325; x_wconf 86' lang='lat' dir='ltr'><strong>alie</strong></span> <span class='ocrx_word' id='word_1_398' title='bbox 1736 1304 1803 1326; x_wconf 87' lang='lat' dir='ltr'><strong>sunt</strong></span> <span class='ocrx_word' id='word_1_399' title='bbox 1829 1303 2001 1327; x_wconf 87' lang='lat' dir='ltr'><strong>coherentie.</strong></span> 
     </span>
    </p>

    <p class='ocr_par' dir='ltr' id='par_1_13' title="bbox 150 1344 2004 2270">
     <span class='ocr_line' id='line_1_35' title="bbox 240 1344 2003 1377; baseline 0.002 -9"><span class='ocrx_word' id='word_1_400' title='bbox 240 1344 272 1369; x_wconf 91' lang='lat' dir='ltr'><strong>In</strong></span> <span class='ocrx_word' id='word_1_401' title='bbox 292 1346 399 1377; x_wconf 89' lang='lat' dir='ltr'><strong>partem</strong></span> <span class='ocrx_word' id='word_1_402' title='bbox 419 1352 488 1369; x_wconf 87' lang='lat' dir='ltr'><strong>vero</strong></span> <span class='ocrx_word' id='word_1_403' title='bbox 502 1345 530 1369; x_wconf 85' lang='lat' dir='ltr'><strong>d.</strong></span> <span class='ocrx_word' id='word_1_404' title='bbox 548 1345 705 1373; x_wconf 81' lang='lat' dir='ltr'><strong>Albertini,</strong></span> <span class='ocrx_word' id='word_1_405' title='bbox 725 1346 840 1377; x_wconf 86' lang='lat' dir='ltr'><strong>accepto</strong></span> <span class='ocrx_word' id='word_1_406' title='bbox 860 1351 918 1368; x_wconf 92' lang='lat' dir='ltr'><strong>uno</strong></span> <span class='ocrx_word' id='word_1_407' title='bbox 938 1345 998 1368; x_wconf 84' lang='lat' dir='ltr'><strong>alio</strong></span> <span class='ocrx_word' id='word_1_408' title='bbox 1018 1345 1098 1368; x_wconf 88' lang='lat' dir='ltr'><strong>brevi</strong></span> <span class='ocrx_word' id='word_1_409' title='bbox 1117 1352 1166 1377; x_wconf 86' lang='lat' dir='ltr'><strong>per</strong></span> <span class='ocrx_word' id='word_1_410' title='bbox 1183 1345 1292 1369; x_wconf 90' lang='lat' dir='ltr'><strong>dictum</strong></span> <span class='ocrx_word' id='word_1_411' title='bbox 1313 1353 1430 1376; x_wconf 81' lang='lat' dir='ltr'><strong>puerum</strong></span> <span class='ocrx_word' id='word_1_412' title='bbox 1452 1347 1567 1369; x_wconf 86' lang='lat' dir='ltr'><strong>nomine</strong></span> <span class='ocrx_word' id='word_1_413' title='bbox 1588 1348 1616 1370; x_wconf 89' lang='lat' dir='ltr'><strong>et</strong></span> <span class='ocrx_word' id='word_1_414' title='bbox 1636 1346 1697 1370; x_wconf 86' lang='lat' dir='ltr'><strong>vice</strong></span> <span class='ocrx_word' id='word_1_415' title='bbox 1717 1347 1789 1371; x_wconf 84' lang='lat' dir='ltr'><strong>dicti</strong></span> <span class='ocrx_word' id='word_1_416' title='bbox 1810 1348 1835 1371; x_wconf 90' lang='lat' dir='ltr'><strong>d.</strong></span> <span class='ocrx_word' id='word_1_417' title='bbox 1855 1348 2003 1372; x_wconf 88' lang='lat' dir='ltr'><strong>Albertini</strong></span> 
     </span>
     <span class='ocr_line' id='line_1_36' title="bbox 154 1389 2003 1423; baseline 0.002 -11"><span class='ocrx_word' id='word_1_418' title='bbox 154 1389 279 1413; x_wconf 87' lang='lat' dir='ltr'><strong>volentis</strong></span> <span class='ocrx_word' id='word_1_419' title='bbox 297 1391 325 1413; x_wconf 93' lang='lat' dir='ltr'><strong>et</strong></span> <span class='ocrx_word' id='word_1_420' title='bbox 343 1390 478 1422; x_wconf 82' lang='lat' dir='ltr'><strong>jubentis,</strong></span> <span class='ocrx_word' id='word_1_421' title='bbox 505 1390 568 1421; x_wconf 92' lang='lat' dir='ltr'><strong>ipso</strong></span> <span class='ocrx_word' id='word_1_422' title='bbox 588 1389 708 1413; x_wconf 81' lang='lat' dir='ltr'><strong>domIno</strong></span> <span class='ocrx_word' id='word_1_423' title='bbox 728 1389 882 1413; x_wconf 84' lang='lat' dir='ltr'><strong>Albertino</strong></span> <span class='ocrx_word' id='word_1_424' title='bbox 902 1391 1042 1413; x_wconf 87' lang='lat' dir='ltr'><strong>venerunt</strong></span> <span class='ocrx_word' id='word_1_425' title='bbox 1061 1390 1161 1413; x_wconf 90' lang='lat' dir='ltr'><strong>omnia</strong></span> <span class='ocrx_word' id='word_1_426' title='bbox 1185 1389 1380 1422; x_wconf 81' lang='lat' dir='ltr'><strong>infrascripta.</strong></span> <span class='ocrx_word' id='word_1_427' title='bbox 1418 1390 1450 1414; x_wconf 90' lang='lat' dir='ltr'><strong>In</strong></span> <span class='ocrx_word' id='word_1_428' title='bbox 1471 1391 1581 1422; x_wconf 81' lang='lat' dir='ltr'><strong>primis,</strong></span> <span class='ocrx_word' id='word_1_429' title='bbox 1601 1398 1657 1414; x_wconf 89' lang='lat' dir='ltr'><strong>una</strong></span> <span class='ocrx_word' id='word_1_430' title='bbox 1676 1391 1776 1415; x_wconf 91' lang='lat' dir='ltr'><strong>domus</strong></span> <span class='ocrx_word' id='word_1_431' title='bbox 1797 1399 1899 1423; x_wconf 86' lang='lat' dir='ltr'><strong>magna</strong></span> <span class='ocrx_word' id='word_1_432' title='bbox 1920 1400 2003 1422; x_wconf 82' lang='lat' dir='ltr'><strong>nova,</strong></span> 
     </span>
     <span class='ocr_line' id='line_1_37' title="bbox 152 1433 2003 1467; baseline 0.002 -10"><span class='ocrx_word' id='word_1_433' title='bbox 152 1434 248 1467; x_wconf 85' lang='lat' dir='ltr'><strong>jacens</strong></span> <span class='ocrx_word' id='word_1_434' title='bbox 267 1434 361 1458; x_wconf 88' lang='lat' dir='ltr'><strong>Padue</strong></span> <span class='ocrx_word' id='word_1_435' title='bbox 381 1435 412 1458; x_wconf 90' lang='lat' dir='ltr'><strong>in</strong></span> <span class='ocrx_word' id='word_1_436' title='bbox 426 1436 559 1458; x_wconf 88' lang='lat' dir='ltr'><strong>contrata</strong></span> <span class='ocrx_word' id='word_1_437' title='bbox 572 1433 604 1459; x_wconf 90' lang='lat' dir='ltr'><strong>.S.</strong></span> <span class='ocrx_word' id='word_1_438' title='bbox 622 1433 752 1464; x_wconf 87' lang='lat' dir='ltr'><strong>Martini,</strong></span> <span class='ocrx_word' id='word_1_439' title='bbox 773 1434 886 1458; x_wconf 90' lang='lat' dir='ltr'><strong>coheret</strong></span> <span class='ocrx_word' id='word_1_440' title='bbox 907 1441 921 1457; x_wconf 87' lang='lat' dir='ltr'><strong>a</strong></span> <span class='ocrx_word' id='word_1_441' title='bbox 942 1433 1050 1458; x_wconf 88' lang='lat' dir='ltr'><strong>duabus</strong></span> <span class='ocrx_word' id='word_1_442' title='bbox 1070 1434 1200 1465; x_wconf 88' lang='lat' dir='ltr'><strong>partibus</strong></span> <span class='ocrx_word' id='word_1_443' title='bbox 1221 1435 1269 1458; x_wconf 91' lang='lat' dir='ltr'><strong>via</strong></span> <span class='ocrx_word' id='word_1_444' title='bbox 1288 1435 1427 1464; x_wconf 89' lang='lat' dir='ltr'><strong>comunis,</strong></span> <span class='ocrx_word' id='word_1_445' title='bbox 1449 1435 1483 1458; x_wconf 88' lang='lat' dir='ltr'><strong>ab</strong></span> <span class='ocrx_word' id='word_1_446' title='bbox 1502 1435 1569 1459; x_wconf 87' lang='lat' dir='ltr'><strong>aliis</strong></span> <span class='ocrx_word' id='word_1_447' title='bbox 1591 1436 1699 1459; x_wconf 91' lang='lat' dir='ltr'><strong>duabus</strong></span> <span class='ocrx_word' id='word_1_448' title='bbox 1720 1436 1850 1467; x_wconf 84' lang='lat' dir='ltr'><strong>partibus</strong></span> <span class='ocrx_word' id='word_1_449' title='bbox 1870 1436 2003 1461; x_wconf 90' lang='lat' dir='ltr'><strong>dominus</strong></span> 
     </span>
     <span class='ocr_line' id='line_1_38' title="bbox 154 1474 2001 1512; baseline 0.002 -10"><span class='ocrx_word' id='word_1_450' title='bbox 154 1479 328 1508; x_wconf 65' lang='lat' dir='ltr'><strong>lionifacius,</strong></span> <span class='ocrx_word' id='word_1_451' title='bbox 348 1480 408 1503; x_wconf 88' lang='lat' dir='ltr'><strong>eius</strong></span> <span class='ocrx_word' id='word_1_452' title='bbox 429 1479 524 1508; x_wconf 87' lang='lat' dir='ltr'><strong>frater,</strong></span> <span class='ocrx_word' id='word_1_453' title='bbox 543 1480 572 1503; x_wconf 86' lang='lat' dir='ltr'><strong>et</strong></span> <span class='ocrx_word' id='word_1_454' title='bbox 591 1479 689 1503; x_wconf 77' lang='lat' dir='ltr'><strong>omnia</strong></span> <span class='ocrx_word' id='word_1_455' title='bbox 708 1479 783 1502; x_wconf 83' lang='lat' dir='ltr'><strong>bona</strong></span> <span class='ocrx_word' id='word_1_456' title='bbox 804 1478 999 1510; x_wconf 78' lang='lat' dir='ltr'><strong>infrascripta,</strong></span> <span class='ocrx_word' id='word_1_457' title='bbox 1017 1479 1144 1511; x_wconf 66' lang='lat' dir='ltr'><strong>iacentia</strong></span> <span class='ocrx_word' id='word_1_458' title='bbox 1164 1480 1195 1502; x_wconf 85' lang='lat' dir='ltr'><strong>in</strong></span> <span class='ocrx_word' id='word_1_459' title='bbox 1217 1479 1286 1502; x_wconf 86' lang='lat' dir='ltr'><strong>villa</strong></span> <span class='ocrx_word' id='word_1_460' title='bbox 1301 1479 1486 1511; x_wconf 85' lang='lat' dir='ltr'><strong>Anguillarie</strong></span> <span class='ocrx_word' id='word_1_461' title='bbox 1500 1481 1527 1503; x_wconf 87' lang='lat' dir='ltr'><strong>et</strong></span> <span class='ocrx_word' id='word_1_462' title='bbox 1543 1481 1571 1503; x_wconf 88' lang='lat' dir='ltr'><strong>in</strong></span> <span class='ocrx_word' id='word_1_463' title='bbox 1588 1487 1639 1504; x_wconf 86' lang='lat' dir='ltr'><strong>suo</strong></span> <span class='ocrx_word' id='word_1_464' title='bbox 1654 1480 1798 1510; x_wconf 81' lang='lat' dir='ltr'><strong>districtu,</strong></span> <span class='ocrx_word' id='word_1_465' title='bbox 1812 1488 1875 1505; x_wconf 91' lang='lat' dir='ltr'><strong>cum</strong></span> <span class='ocrx_word' id='word_1_466' title='bbox 1889 1474 2001 1512; x_wconf 70' lang='lat' dir='ltr'><strong>quibus-</strong></span> 
     </span>
     <span class='ocr_line' id='line_1_39' title="bbox 151 1522 2001 1558; baseline 0.002 -12"><span class='ocrx_word' id='word_1_467' title='bbox 151 1522 215 1547; x_wconf 89' lang='lat' dir='ltr'><strong>dam</strong></span> <span class='ocrx_word' id='word_1_468' title='bbox 235 1525 414 1553; x_wconf 86' lang='lat' dir='ltr'><strong>casamentis,</strong></span> <span class='ocrx_word' id='word_1_469' title='bbox 432 1523 593 1556; x_wconf 82' lang='lat' dir='ltr'><strong>J&#39;acentibus</strong></span> <span class='ocrx_word' id='word_1_470' title='bbox 613 1524 644 1548; x_wconf 83' lang='lat' dir='ltr'><strong>in</strong></span> <span class='ocrx_word' id='word_1_471' title='bbox 664 1522 797 1552; x_wconf 86' lang='lat' dir='ltr'><strong>GarbeIO,</strong></span> <span class='ocrx_word' id='word_1_472' title='bbox 816 1525 844 1547; x_wconf 87' lang='lat' dir='ltr'><strong>et</strong></span> <span class='ocrx_word' id='word_1_473' title='bbox 864 1530 926 1547; x_wconf 90' lang='lat' dir='ltr'><strong>cum</strong></span> <span class='ocrx_word' id='word_1_474' title='bbox 946 1523 1115 1554; x_wconf 79' lang='lat' dir='ltr'><strong>quibusdam</strong></span> <span class='ocrx_word' id='word_1_475' title='bbox 1135 1524 1225 1556; x_wconf 88' lang='lat' dir='ltr'><strong>peciis</strong></span> <span class='ocrx_word' id='word_1_476' title='bbox 1245 1525 1327 1554; x_wconf 81' lang='lat' dir='ltr'><strong>terre,</strong></span> <span class='ocrx_word' id='word_1_477' title='bbox 1341 1530 1393 1555; x_wconf 89' lang='lat' dir='ltr'><strong>que</strong></span> <span class='ocrx_word' id='word_1_478' title='bbox 1407 1525 1474 1548; x_wconf 89' lang='lat' dir='ltr'><strong>sunt</strong></span> <span class='ocrx_word' id='word_1_479' title='bbox 1487 1524 1520 1547; x_wconf 91' lang='lat' dir='ltr'><strong>de</strong></span> <span class='ocrx_word' id='word_1_480' title='bbox 1535 1524 1695 1548; x_wconf 88' lang='lat' dir='ltr'><strong>confinibus</strong></span> <span class='ocrx_word' id='word_1_481' title='bbox 1715 1525 1805 1550; x_wconf 89' lang='lat' dir='ltr'><strong>Cessi.</strong></span> <span class='ocrx_word' id='word_1_482' title='bbox 1842 1525 1873 1549; x_wconf 93' lang='lat' dir='ltr'><strong>In</strong></span> <span class='ocrx_word' id='word_1_483' title='bbox 1891 1527 2001 1558; x_wconf 87' lang='lat' dir='ltr'><strong>primis,</strong></span> 
     </span>
     <span class='ocr_line' id='line_1_40' title="bbox 151 1568 2004 1602; baseline 0.002 -10"><span class='ocrx_word' id='word_1_484' title='bbox 151 1569 214 1592; x_wconf 86' lang='lat' dir='ltr'><strong>tota</strong></span> <span class='ocrx_word' id='word_1_485' title='bbox 228 1568 299 1592; x_wconf 82' lang='lat' dir='ltr'><strong>vilia</strong></span> <span class='ocrx_word' id='word_1_486' title='bbox 318 1569 505 1601; x_wconf 81' lang='lat' dir='ltr'><strong>Anguillarie</strong></span> <span class='ocrx_word' id='word_1_487' title='bbox 523 1570 586 1592; x_wconf 85' lang='lat' dir='ltr'><strong>sine</strong></span> <span class='ocrx_word' id='word_1_488' title='bbox 606 1569 699 1592; x_wconf 89' lang='lat' dir='ltr'><strong>castro</strong></span> <span class='ocrx_word' id='word_1_489' title='bbox 718 1569 747 1592; x_wconf 89' lang='lat' dir='ltr'><strong>et</strong></span> <span class='ocrx_word' id='word_1_490' title='bbox 766 1568 862 1592; x_wconf 86' lang='lat' dir='ltr'><strong>cincta</strong></span> <span class='ocrx_word' id='word_1_491' title='bbox 882 1568 952 1592; x_wconf 83' lang='lat' dir='ltr'><strong>dicti</strong></span> <span class='ocrx_word' id='word_1_492' title='bbox 967 1568 1064 1597; x_wconf 85' lang='lat' dir='ltr'><strong>castri,</strong></span> <span class='ocrx_word' id='word_1_493' title='bbox 1080 1575 1144 1592; x_wconf 89' lang='lat' dir='ltr'><strong>cum</strong></span> <span class='ocrx_word' id='word_1_494' title='bbox 1164 1570 1228 1592; x_wconf 84' lang='lat' dir='ltr'><strong>toto</strong></span> <span class='ocrx_word' id='word_1_495' title='bbox 1247 1575 1298 1592; x_wconf 87' lang='lat' dir='ltr'><strong>suo</strong></span> <span class='ocrx_word' id='word_1_496' title='bbox 1319 1568 1432 1600; x_wconf 86' lang='lat' dir='ltr'><strong>podere,</strong></span> <span class='ocrx_word' id='word_1_497' title='bbox 1452 1569 1570 1598; x_wconf 84' lang='lat' dir='ltr'><strong>decima,</strong></span> <span class='ocrx_word' id='word_1_498' title='bbox 1596 1571 1625 1594; x_wconf 87' lang='lat' dir='ltr'><strong>et</strong></span> <span class='ocrx_word' id='word_1_499' title='bbox 1647 1570 1807 1599; x_wconf 77' lang='lat' dir='ltr'><strong>territorio,</strong></span> <span class='ocrx_word' id='word_1_500' title='bbox 1833 1572 1926 1602; x_wconf 85' lang='lat' dir='ltr'><strong>portu,</strong></span> <span class='ocrx_word' id='word_1_501' title='bbox 1947 1579 2004 1595; x_wconf 89' lang='lat' dir='ltr'><strong>mo-</strong></span> 
     </span>
     <span class='ocr_line' id='line_1_41' title="bbox 152 1612 2002 1646; baseline 0.002 -10"><span class='ocrx_word' id='word_1_502' title='bbox 152 1612 271 1636; x_wconf 88' lang='lat' dir='ltr'><strong>lendino</strong></span> <span class='ocrx_word' id='word_1_503' title='bbox 291 1614 318 1637; x_wconf 88' lang='lat' dir='ltr'><strong>et</strong></span> <span class='ocrx_word' id='word_1_504' title='bbox 337 1613 462 1637; x_wconf 81' lang='lat' dir='ltr'><strong>vallibus</strong></span> <span class='ocrx_word' id='word_1_505' title='bbox 482 1619 568 1645; x_wconf 88' lang='lat' dir='ltr'><strong>usque</strong></span> <span class='ocrx_word' id='word_1_506' title='bbox 587 1620 670 1645; x_wconf 89' lang='lat' dir='ltr'><strong>super</strong></span> <span class='ocrx_word' id='word_1_507' title='bbox 689 1613 793 1636; x_wconf 86' lang='lat' dir='ltr'><strong>vadum</strong></span> <span class='ocrx_word' id='word_1_508' title='bbox 813 1612 900 1636; x_wconf 87' lang='lat' dir='ltr'><strong>Venli</strong></span> <span class='ocrx_word' id='word_1_509' title='bbox 919 1613 947 1636; x_wconf 87' lang='lat' dir='ltr'><strong>et</strong></span> <span class='ocrx_word' id='word_1_510' title='bbox 967 1612 1031 1636; x_wconf 85' lang='lat' dir='ltr'><strong>illic</strong></span> <span class='ocrx_word' id='word_1_511' title='bbox 1050 1619 1137 1643; x_wconf 90' lang='lat' dir='ltr'><strong>usque</strong></span> <span class='ocrx_word' id='word_1_512' title='bbox 1156 1619 1240 1644; x_wconf 89' lang='lat' dir='ltr'><strong>super</strong></span> <span class='ocrx_word' id='word_1_513' title='bbox 1258 1619 1391 1644; x_wconf 86' lang='lat' dir='ltr'><strong>aggerem</strong></span> <span class='ocrx_word' id='word_1_514' title='bbox 1411 1620 1507 1637; x_wconf 87' lang='lat' dir='ltr'><strong>versus</strong></span> <span class='ocrx_word' id='word_1_515' title='bbox 1528 1614 1687 1643; x_wconf 82' lang='lat' dir='ltr'><strong>meridiem,</strong></span> <span class='ocrx_word' id='word_1_516' title='bbox 1707 1616 1734 1638; x_wconf 84' lang='lat' dir='ltr'><strong>et</strong></span> <span class='ocrx_word' id='word_1_517' title='bbox 1747 1615 1922 1646; x_wconf 79' lang='lat' dir='ltr'><strong>generaliter</strong></span> <span class='ocrx_word' id='word_1_518' title='bbox 1941 1623 2002 1639; x_wconf 91' lang='lat' dir='ltr'><strong>cum</strong></span> 
     </span>
     <span class='ocr_line' id='line_1_42' title="bbox 150 1656 2000 1689; baseline 0.001 -8"><span class='ocrx_word' id='word_1_519' title='bbox 150 1658 214 1681; x_wconf 90' lang='lat' dir='ltr'><strong>toto</strong></span> <span class='ocrx_word' id='word_1_520' title='bbox 232 1664 266 1681; x_wconf 89' lang='lat' dir='ltr'><strong>eo</strong></span> <span class='ocrx_word' id='word_1_521' title='bbox 279 1657 428 1686; x_wconf 85' lang='lat' dir='ltr'><strong>sedimine,</strong></span> <span class='ocrx_word' id='word_1_522' title='bbox 448 1657 523 1688; x_wconf 91' lang='lat' dir='ltr'><strong>quod</strong></span> <span class='ocrx_word' id='word_1_523' title='bbox 544 1657 658 1681; x_wconf 85' lang='lat' dir='ltr'><strong>tenebat</strong></span> <span class='ocrx_word' id='word_1_524' title='bbox 677 1664 703 1688; x_wconf 94' lang='lat' dir='ltr'><strong>q.</strong></span> <span class='ocrx_word' id='word_1_525' title='bbox 723 1658 769 1680; x_wconf 84' lang='lat' dir='ltr'><strong>vir</strong></span> <span class='ocrx_word' id='word_1_526' title='bbox 788 1657 898 1680; x_wconf 89' lang='lat' dir='ltr'><strong>nobilis</strong></span> <span class='ocrx_word' id='word_1_527' title='bbox 920 1656 1111 1688; x_wconf 88' lang='lat' dir='ltr'><strong>d.Jacobinus</strong></span> <span class='ocrx_word' id='word_1_528' title='bbox 1127 1656 1283 1688; x_wconf 85' lang='lat' dir='ltr'><strong>Papafava,</strong></span> <span class='ocrx_word' id='word_1_529' title='bbox 1302 1658 1431 1689; x_wconf 81' lang='lat' dir='ltr'><strong>exceptis</strong></span> <span class='ocrx_word' id='word_1_530' title='bbox 1452 1658 1581 1682; x_wconf 81' lang='lat' dir='ltr'><strong>vassallis</strong></span> <span class='ocrx_word' id='word_1_531' title='bbox 1595 1660 1623 1682; x_wconf 85' lang='lat' dir='ltr'><strong>et</strong></span> <span class='ocrx_word' id='word_1_532' title='bbox 1637 1659 1804 1682; x_wconf 89' lang='lat' dir='ltr'><strong>hominibus</strong></span> <span class='ocrx_word' id='word_1_533' title='bbox 1819 1659 1852 1683; x_wconf 88' lang='lat' dir='ltr'><strong>de</strong></span> <span class='ocrx_word' id='word_1_534' title='bbox 1866 1660 2000 1683; x_wconf 86' lang='lat' dir='ltr'><strong>masnada</strong></span> 
     </span>
     <span class='ocr_line' id='line_1_43' title="bbox 150 1701 2004 1735; baseline 0.001 -9"><span class='ocrx_word' id='word_1_535' title='bbox 150 1703 179 1726; x_wconf 83' lang='lat' dir='ltr'><strong>et</strong></span> <span class='ocrx_word' id='word_1_536' title='bbox 196 1709 294 1726; x_wconf 86' lang='lat' dir='ltr'><strong>eorum</strong></span> <span class='ocrx_word' id='word_1_537' title='bbox 313 1702 407 1726; x_wconf 74' lang='lat' dir='ltr'><strong>bouis.</strong></span> <span class='ocrx_word' id='word_1_538' title='bbox 444 1702 514 1726; x_wconf 91' lang='lat' dir='ltr'><strong>Item</strong></span> <span class='ocrx_word' id='word_1_539' title='bbox 534 1709 597 1726; x_wconf 88' lang='lat' dir='ltr'><strong>cum</strong></span> <span class='ocrx_word' id='word_1_540' title='bbox 617 1702 682 1726; x_wconf 88' lang='lat' dir='ltr'><strong>istis</strong></span> <span class='ocrx_word' id='word_1_541' title='bbox 699 1702 880 1732; x_wconf 84' lang='lat' dir='ltr'><strong>casamentis,</strong></span> <span class='ocrx_word' id='word_1_542' title='bbox 901 1701 931 1725; x_wconf 87' lang='lat' dir='ltr'><strong>in</strong></span> <span class='ocrx_word' id='word_1_543' title='bbox 952 1702 1062 1734; x_wconf 81' lang='lat' dir='ltr'><strong>primis,</strong></span> <span class='ocrx_word' id='word_1_544' title='bbox 1084 1709 1144 1725; x_wconf 90' lang='lat' dir='ltr'><strong>cum</strong></span> <span class='ocrx_word' id='word_1_545' title='bbox 1166 1709 1224 1726; x_wconf 90' lang='lat' dir='ltr'><strong>uno</strong></span> <span class='ocrx_word' id='word_1_546' title='bbox 1245 1703 1417 1731; x_wconf 82' lang='lat' dir='ltr'><strong>casamento,</strong></span> <span class='ocrx_word' id='word_1_547' title='bbox 1436 1703 1549 1735; x_wconf 83' lang='lat' dir='ltr'><strong>jacente</strong></span> <span class='ocrx_word' id='word_1_548' title='bbox 1568 1703 1598 1727; x_wconf 93' lang='lat' dir='ltr'><strong>in</strong></span> <span class='ocrx_word' id='word_1_549' title='bbox 1621 1702 1755 1732; x_wconf 82' lang='lat' dir='ltr'><strong>Garbelo,</strong></span> <span class='ocrx_word' id='word_1_550' title='bbox 1771 1704 1802 1727; x_wconf 80' lang='lat' dir='ltr'><strong>iri</strong></span> <span class='ocrx_word' id='word_1_551' title='bbox 1822 1711 1877 1735; x_wconf 89' lang='lat' dir='ltr'><strong>quo</strong></span> <span class='ocrx_word' id='word_1_552' title='bbox 1892 1704 2004 1728; x_wconf 85' lang='lat' dir='ltr'><strong>habitat</strong></span> 
     </span>
     <span class='ocr_line' id='line_1_44' title="bbox 152 1746 2001 1781; baseline 0.002 -11"><span class='ocrx_word' id='word_1_553' title='bbox 152 1746 252 1771; x_wconf 83' lang='lat' dir='ltr'><strong>Petrus</strong></span> <span class='ocrx_word' id='word_1_554' title='bbox 266 1747 410 1779; x_wconf 83' lang='lat' dir='ltr'><strong>Jacobini,</strong></span> <span class='ocrx_word' id='word_1_555' title='bbox 430 1746 543 1771; x_wconf 86' lang='lat' dir='ltr'><strong>coheret</strong></span> <span class='ocrx_word' id='word_1_556' title='bbox 563 1746 596 1771; x_wconf 86' lang='lat' dir='ltr'><strong>ab</strong></span> <span class='ocrx_word' id='word_1_557' title='bbox 617 1753 673 1771; x_wconf 88' lang='lat' dir='ltr'><strong>una</strong></span> <span class='ocrx_word' id='word_1_558' title='bbox 692 1748 771 1779; x_wconf 85' lang='lat' dir='ltr'><strong>parte</strong></span> <span class='ocrx_word' id='word_1_559' title='bbox 791 1747 848 1777; x_wconf 82' lang='lat' dir='ltr'><strong>via,</strong></span> <span class='ocrx_word' id='word_1_560' title='bbox 869 1746 902 1770; x_wconf 89' lang='lat' dir='ltr'><strong>ab</strong></span> <span class='ocrx_word' id='word_1_561' title='bbox 923 1746 980 1770; x_wconf 85' lang='lat' dir='ltr'><strong>alia</strong></span> <span class='ocrx_word' id='word_1_562' title='bbox 1000 1747 1075 1770; x_wconf 87' lang='lat' dir='ltr'><strong>idem</strong></span> <span class='ocrx_word' id='word_1_563' title='bbox 1095 1746 1237 1771; x_wconf 87' lang='lat' dir='ltr'><strong>dominus.</strong></span> <span class='ocrx_word' id='word_1_564' title='bbox 1274 1747 1353 1776; x_wconf 85' lang='lat' dir='ltr'><strong>Item,</strong></span> <span class='ocrx_word' id='word_1_565' title='bbox 1374 1754 1436 1771; x_wconf 90' lang='lat' dir='ltr'><strong>cum</strong></span> <span class='ocrx_word' id='word_1_566' title='bbox 1455 1748 1516 1771; x_wconf 88' lang='lat' dir='ltr'><strong>alio</strong></span> <span class='ocrx_word' id='word_1_567' title='bbox 1536 1749 1708 1777; x_wconf 84' lang='lat' dir='ltr'><strong>casamento,</strong></span> <span class='ocrx_word' id='word_1_568' title='bbox 1727 1749 1839 1781; x_wconf 83' lang='lat' dir='ltr'><strong>J&#39;acente</strong></span> <span class='ocrx_word' id='word_1_569' title='bbox 1852 1748 1882 1772; x_wconf 90' lang='lat' dir='ltr'><strong>in</strong></span> <span class='ocrx_word' id='word_1_570' title='bbox 1902 1749 2001 1773; x_wconf 88' lang='lat' dir='ltr'><strong>eodem</strong></span> 
     </span>
     <span class='ocr_line' id='line_1_45' title="bbox 152 1790 2004 1823; baseline 0.001 -8"><span class='ocrx_word' id='word_1_571' title='bbox 152 1791 225 1822; x_wconf 88' lang='lat' dir='ltr'><strong>Ioco,</strong></span> <span class='ocrx_word' id='word_1_572' title='bbox 246 1791 277 1815; x_wconf 85' lang='lat' dir='ltr'><strong>in</strong></span> <span class='ocrx_word' id='word_1_573' title='bbox 297 1798 354 1822; x_wconf 91' lang='lat' dir='ltr'><strong>quo</strong></span> <span class='ocrx_word' id='word_1_574' title='bbox 373 1791 486 1816; x_wconf 83' lang='lat' dir='ltr'><strong>habitat</strong></span> <span class='ocrx_word' id='word_1_575' title='bbox 512 1790 699 1823; x_wconf 87' lang='lat' dir='ltr'><strong>Campionus,</strong></span> <span class='ocrx_word' id='word_1_576' title='bbox 718 1791 833 1815; x_wconf 86' lang='lat' dir='ltr'><strong>coheret</strong></span> <span class='ocrx_word' id='word_1_577' title='bbox 852 1792 887 1815; x_wconf 87' lang='lat' dir='ltr'><strong>ab</strong></span> <span class='ocrx_word' id='word_1_578' title='bbox 906 1798 962 1815; x_wconf 89' lang='lat' dir='ltr'><strong>una</strong></span> <span class='ocrx_word' id='word_1_579' title='bbox 982 1795 1064 1823; x_wconf 87' lang='lat' dir='ltr'><strong>parte</strong></span> <span class='ocrx_word' id='word_1_580' title='bbox 1084 1792 1141 1821; x_wconf 87' lang='lat' dir='ltr'><strong>via,</strong></span> <span class='ocrx_word' id='word_1_581' title='bbox 1160 1792 1194 1815; x_wconf 88' lang='lat' dir='ltr'><strong>ab</strong></span> <span class='ocrx_word' id='word_1_582' title='bbox 1215 1792 1273 1815; x_wconf 84' lang='lat' dir='ltr'><strong>alia</strong></span> <span class='ocrx_word' id='word_1_583' title='bbox 1293 1791 1367 1816; x_wconf 89' lang='lat' dir='ltr'><strong>idem</strong></span> <span class='ocrx_word' id='word_1_584' title='bbox 1388 1792 1531 1816; x_wconf 81' lang='lat' dir='ltr'><strong>dominus.</strong></span> <span class='ocrx_word' id='word_1_585' title='bbox 1569 1793 1649 1822; x_wconf 91' lang='lat' dir='ltr'><strong>Item,</strong></span> <span class='ocrx_word' id='word_1_586' title='bbox 1668 1800 1730 1817; x_wconf 89' lang='lat' dir='ltr'><strong>cum</strong></span> <span class='ocrx_word' id='word_1_587' title='bbox 1752 1793 1810 1817; x_wconf 90' lang='lat' dir='ltr'><strong>alio</strong></span> <span class='ocrx_word' id='word_1_588' title='bbox 1830 1795 2004 1822; x_wconf 84' lang='lat' dir='ltr'><strong>casamento,</strong></span> 
     </span>
     <span class='ocr_line' id='line_1_46' title="bbox 152 1836 2003 1869; baseline 0.001 -9"><span class='ocrx_word' id='word_1_589' title='bbox 152 1836 264 1868; x_wconf 79' lang='lat' dir='ltr'><strong>jacente</strong></span> <span class='ocrx_word' id='word_1_590' title='bbox 289 1836 320 1860; x_wconf 91' lang='lat' dir='ltr'><strong>in</strong></span> <span class='ocrx_word' id='word_1_591' title='bbox 346 1836 445 1860; x_wconf 91' lang='lat' dir='ltr'><strong>eodem</strong></span> <span class='ocrx_word' id='word_1_592' title='bbox 465 1836 540 1866; x_wconf 87' lang='lat' dir='ltr'><strong>loco,</strong></span> <span class='ocrx_word' id='word_1_593' title='bbox 560 1837 589 1859; x_wconf 95' lang='lat' dir='ltr'><strong>in</strong></span> <span class='ocrx_word' id='word_1_594' title='bbox 616 1843 670 1867; x_wconf 90' lang='lat' dir='ltr'><strong>quo</strong></span> <span class='ocrx_word' id='word_1_595' title='bbox 689 1836 803 1860; x_wconf 83' lang='lat' dir='ltr'><strong>habitat</strong></span> <span class='ocrx_word' id='word_1_596' title='bbox 823 1836 994 1869; x_wconf 67' lang='lat' dir='ltr'><strong>Mejoranea,</strong></span> <span class='ocrx_word' id='word_1_597' title='bbox 1016 1836 1129 1860; x_wconf 85' lang='lat' dir='ltr'><strong>coheret</strong></span> <span class='ocrx_word' id='word_1_598' title='bbox 1149 1836 1182 1860; x_wconf 90' lang='lat' dir='ltr'><strong>ab</strong></span> <span class='ocrx_word' id='word_1_599' title='bbox 1202 1844 1258 1860; x_wconf 89' lang='lat' dir='ltr'><strong>una</strong></span> <span class='ocrx_word' id='word_1_600' title='bbox 1280 1837 1359 1868; x_wconf 81' lang='lat' dir='ltr'><strong>parte</strong></span> <span class='ocrx_word' id='word_1_601' title='bbox 1378 1837 1434 1867; x_wconf 86' lang='lat' dir='ltr'><strong>via,</strong></span> <span class='ocrx_word' id='word_1_602' title='bbox 1455 1836 1492 1860; x_wconf 90' lang='lat' dir='ltr'><strong>ab</strong></span> <span class='ocrx_word' id='word_1_603' title='bbox 1517 1837 1573 1861; x_wconf 92' lang='lat' dir='ltr'><strong>alia</strong></span> <span class='ocrx_word' id='word_1_604' title='bbox 1600 1836 1674 1861; x_wconf 85' lang='lat' dir='ltr'><strong>idern</strong></span> <span class='ocrx_word' id='word_1_605' title='bbox 1701 1837 1846 1862; x_wconf 90' lang='lat' dir='ltr'><strong>dominus.</strong></span> <span class='ocrx_word' id='word_1_606' title='bbox 1883 1838 1919 1862; x_wconf 92' lang='lat' dir='ltr'><strong>Et</strong></span> <span class='ocrx_word' id='word_1_607' title='bbox 1941 1846 2003 1862; x_wconf 88' lang='lat' dir='ltr'><strong>cum</strong></span> 
     </span>
     <span class='ocr_line' id='line_1_47' title="bbox 152 1880 2001 1914; baseline 0.001 -9"><span class='ocrx_word' id='word_1_608' title='bbox 152 1881 218 1905; x_wconf 84' lang='lat' dir='ltr'><strong>istis</strong></span> <span class='ocrx_word' id='word_1_609' title='bbox 243 1880 334 1912; x_wconf 87' lang='lat' dir='ltr'><strong>peciis</strong></span> <span class='ocrx_word' id='word_1_610' title='bbox 358 1881 432 1905; x_wconf 84' lang='lat' dir='ltr'><strong>terre</strong></span> <span class='ocrx_word' id='word_1_611' title='bbox 456 1880 661 1913; x_wconf 76' lang='lat' dir='ltr'><strong>infrascriptis,</strong></span> <span class='ocrx_word' id='word_1_612' title='bbox 683 1881 713 1904; x_wconf 87' lang='lat' dir='ltr'><strong>in</strong></span> <span class='ocrx_word' id='word_1_613' title='bbox 734 1881 844 1913; x_wconf 86' lang='lat' dir='ltr'><strong>primis,</strong></span> <span class='ocrx_word' id='word_1_614' title='bbox 865 1881 940 1904; x_wconf 83' lang='lat' dir='ltr'><strong>circa</strong></span> <span class='ocrx_word' id='word_1_615' title='bbox 961 1880 1033 1904; x_wconf 91' lang='lat' dir='ltr'><strong>duos</strong></span> <span class='ocrx_word' id='word_1_616' title='bbox 1059 1888 1174 1912; x_wconf 87' lang='lat' dir='ltr'><strong>campos</strong></span> <span class='ocrx_word' id='word_1_617' title='bbox 1193 1882 1267 1905; x_wconf 89' lang='lat' dir='ltr'><strong>terre</strong></span> <span class='ocrx_word' id='word_1_618' title='bbox 1294 1881 1429 1909; x_wconf 89' lang='lat' dir='ltr'><strong>aratorie,</strong></span> <span class='ocrx_word' id='word_1_619' title='bbox 1454 1882 1577 1914; x_wconf 85' lang='lat' dir='ltr'><strong>jacentis</strong></span> <span class='ocrx_word' id='word_1_620' title='bbox 1603 1883 1633 1906; x_wconf 92' lang='lat' dir='ltr'><strong>in</strong></span> <span class='ocrx_word' id='word_1_621' title='bbox 1660 1882 1826 1914; x_wconf 84' lang='lat' dir='ltr'><strong>Valgotola,</strong></span> <span class='ocrx_word' id='word_1_622' title='bbox 1853 1882 1967 1907; x_wconf 86' lang='lat' dir='ltr'><strong>coheret</strong></span> <span class='ocrx_word' id='word_1_623' title='bbox 1987 1891 2001 1907; x_wconf 85' lang='lat' dir='ltr'><strong>a</strong></span> 
     </span>
     <span class='ocr_line' id='line_1_48' title="bbox 152 1925 2002 1958; baseline 0.001 -9"><span class='ocrx_word' id='word_1_624' title='bbox 152 1925 259 1949; x_wconf 83' lang='lat' dir='ltr'><strong>duabus</strong></span> <span class='ocrx_word' id='word_1_625' title='bbox 278 1925 407 1956; x_wconf 89' lang='lat' dir='ltr'><strong>partibus</strong></span> <span class='ocrx_word' id='word_1_626' title='bbox 429 1925 522 1949; x_wconf 85' lang='lat' dir='ltr'><strong>dictus</strong></span> <span class='ocrx_word' id='word_1_627' title='bbox 542 1925 683 1954; x_wconf 87' lang='lat' dir='ltr'><strong>dominus,</strong></span> <span class='ocrx_word' id='word_1_628' title='bbox 702 1927 730 1949; x_wconf 88' lang='lat' dir='ltr'><strong>et</strong></span> <span class='ocrx_word' id='word_1_629' title='bbox 749 1925 897 1949; x_wconf 83' lang='lat' dir='ltr'><strong>laboratur</strong></span> <span class='ocrx_word' id='word_1_630' title='bbox 917 1932 965 1956; x_wconf 92' lang='lat' dir='ltr'><strong>per</strong></span> <span class='ocrx_word' id='word_1_631' title='bbox 984 1925 1213 1949; x_wconf 82' lang='lat' dir='ltr'><strong>Fraxamontem.</strong></span> <span class='ocrx_word' id='word_1_632' title='bbox 1251 1925 1419 1954; x_wconf 77' lang='lat' dir='ltr'><strong>Item,circa</strong></span> <span class='ocrx_word' id='word_1_633' title='bbox 1439 1933 1553 1957; x_wconf 88' lang='lat' dir='ltr'><strong>campos</strong></span> <span class='ocrx_word' id='word_1_634' title='bbox 1573 1928 1638 1950; x_wconf 92' lang='lat' dir='ltr'><strong>octo</strong></span> <span class='ocrx_word' id='word_1_635' title='bbox 1658 1928 1686 1951; x_wconf 89' lang='lat' dir='ltr'><strong>et</strong></span> <span class='ocrx_word' id='word_1_636' title='bbox 1706 1928 1828 1958; x_wconf 86' lang='lat' dir='ltr'><strong>perticas</strong></span> <span class='ocrx_word' id='word_1_637' title='bbox 1850 1928 1915 1951; x_wconf 69' lang='lat' dir='ltr'><strong>octo</strong></span> <span class='ocrx_word' id='word_1_638' title='bbox 1929 1928 2002 1951; x_wconf 89' lang='lat' dir='ltr'><strong>terre</strong></span> 
     </span>
     <span class='ocr_line' id='line_1_49' title="bbox 153 1969 2004 2006; baseline 0.001 -12"><span class='ocrx_word' id='word_1_639' title='bbox 153 1970 278 1994; x_wconf 85' lang='lat' dir='ltr'><strong>aratorie</strong></span> <span class='ocrx_word' id='word_1_640' title='bbox 296 1971 325 1994; x_wconf 86' lang='lat' dir='ltr'><strong>et</strong></span> <span class='ocrx_word' id='word_1_641' title='bbox 344 1969 470 2002; x_wconf 84' lang='lat' dir='ltr'><strong>prataiee</strong></span> <span class='ocrx_word' id='word_1_642' title='bbox 491 1971 520 1994; x_wconf 90' lang='lat' dir='ltr'><strong>in</strong></span> <span class='ocrx_word' id='word_1_643' title='bbox 540 1969 634 1994; x_wconf 87' lang='lat' dir='ltr'><strong>eadem</strong></span> <span class='ocrx_word' id='word_1_644' title='bbox 654 1971 796 1998; x_wconf 83' lang='lat' dir='ltr'><strong>contrata,</strong></span> <span class='ocrx_word' id='word_1_645' title='bbox 816 1970 931 1994; x_wconf 87' lang='lat' dir='ltr'><strong>coheret</strong></span> <span class='ocrx_word' id='word_1_646' title='bbox 951 1978 965 1994; x_wconf 84' lang='lat' dir='ltr'><strong>a</strong></span> <span class='ocrx_word' id='word_1_647' title='bbox 986 1969 1094 1994; x_wconf 88' lang='lat' dir='ltr'><strong>duabus</strong></span> <span class='ocrx_word' id='word_1_648' title='bbox 1113 1970 1243 2002; x_wconf 85' lang='lat' dir='ltr'><strong>partibus</strong></span> <span class='ocrx_word' id='word_1_649' title='bbox 1264 1970 1358 1994; x_wconf 82' lang='lat' dir='ltr'><strong>dictus</strong></span> <span class='ocrx_word' id='word_1_650' title='bbox 1375 1971 1518 2001; x_wconf 85' lang='lat' dir='ltr'><strong>dominus,</strong></span> <span class='ocrx_word' id='word_1_651' title='bbox 1538 1972 1565 1995; x_wconf 89' lang='lat' dir='ltr'><strong>et</strong></span> <span class='ocrx_word' id='word_1_652' title='bbox 1579 1971 1725 1995; x_wconf 83' lang='lat' dir='ltr'><strong>laboratur</strong></span> <span class='ocrx_word' id='word_1_653' title='bbox 1738 1978 1787 2004; x_wconf 87' lang='lat' dir='ltr'><strong>per</strong></span> <span class='ocrx_word' id='word_1_654' title='bbox 1801 1972 2004 2006; x_wconf 67' lang='lat' dir='ltr'><strong>Mcjoraneam,</strong></span> 
     </span>
     <span class='ocr_line' id='line_1_50' title="bbox 153 2014 2004 2049; baseline 0.001 -11"><span class='ocrx_word' id='word_1_655' title='bbox 153 2014 316 2039; x_wconf 84' lang='lat' dir='ltr'><strong>Gaivanum</strong></span> <span class='ocrx_word' id='word_1_656' title='bbox 335 2016 363 2038; x_wconf 88' lang='lat' dir='ltr'><strong>et</strong></span> <span class='ocrx_word' id='word_1_657' title='bbox 383 2014 620 2047; x_wconf 84' lang='lat' dir='ltr'><strong>Burgumfortem.</strong></span> <span class='ocrx_word' id='word_1_658' title='bbox 658 2015 738 2044; x_wconf 83' lang='lat' dir='ltr'><strong>Item,</strong></span> <span class='ocrx_word' id='word_1_659' title='bbox 758 2015 835 2038; x_wconf 78' lang='lat' dir='ltr'><strong>citca</strong></span> <span class='ocrx_word' id='word_1_660' title='bbox 854 2021 941 2038; x_wconf 86' lang='lat' dir='ltr'><strong>unum</strong></span> <span class='ocrx_word' id='word_1_661' title='bbox 961 2021 1091 2046; x_wconf 88' lang='lat' dir='ltr'><strong>campum</strong></span> <span class='ocrx_word' id='word_1_662' title='bbox 1112 2018 1139 2038; x_wconf 91' lang='lat' dir='ltr'><strong>et</strong></span> <span class='ocrx_word' id='word_1_663' title='bbox 1158 2016 1283 2046; x_wconf 87' lang='lat' dir='ltr'><strong>quinque</strong></span> <span class='ocrx_word' id='word_1_664' title='bbox 1304 2015 1429 2046; x_wconf 87' lang='lat' dir='ltr'><strong>perticas</strong></span> <span class='ocrx_word' id='word_1_665' title='bbox 1448 2017 1476 2039; x_wconf 89' lang='lat' dir='ltr'><strong>et</strong></span> <span class='ocrx_word' id='word_1_666' title='bbox 1496 2015 1647 2039; x_wconf 86' lang='lat' dir='ltr'><strong>dimidiam</strong></span> <span class='ocrx_word' id='word_1_667' title='bbox 1660 2017 1733 2039; x_wconf 87' lang='lat' dir='ltr'><strong>terre</strong></span> <span class='ocrx_word' id='word_1_668' title='bbox 1747 2016 2004 2049; x_wconf 85' lang='lat' dir='ltr'><strong>vineate,jacentis</strong></span> 
     </span>
     <span class='ocr_line' id='line_1_51' title="bbox 152 2058 2002 2093; baseline 0.001 -10"><span class='ocrx_word' id='word_1_669' title='bbox 152 2067 237 2091; x_wconf 90' lang='lat' dir='ltr'><strong>super</strong></span> <span class='ocrx_word' id='word_1_670' title='bbox 251 2059 363 2083; x_wconf 89' lang='lat' dir='ltr'><strong>foveam</strong></span> <span class='ocrx_word' id='word_1_671' title='bbox 381 2061 465 2092; x_wconf 81' lang='lat' dir='ltr'><strong>juxta</strong></span> <span class='ocrx_word' id='word_1_672' title='bbox 483 2058 580 2090; x_wconf 76' lang='lat' dir='ltr'><strong>aliani,</strong></span> <span class='ocrx_word' id='word_1_673' title='bbox 601 2059 716 2084; x_wconf 85' lang='lat' dir='ltr'><strong>coheret</strong></span> <span class='ocrx_word' id='word_1_674' title='bbox 735 2060 769 2083; x_wconf 88' lang='lat' dir='ltr'><strong>ab</strong></span> <span class='ocrx_word' id='word_1_675' title='bbox 790 2066 847 2083; x_wconf 84' lang='lat' dir='ltr'><strong>una</strong></span> <span class='ocrx_word' id='word_1_676' title='bbox 866 2061 946 2092; x_wconf 85' lang='lat' dir='ltr'><strong>parte</strong></span> <span class='ocrx_word' id='word_1_677' title='bbox 967 2060 1045 2083; x_wconf 81' lang='lat' dir='ltr'><strong>dicta</strong></span> <span class='ocrx_word' id='word_1_678' title='bbox 1065 2060 1158 2089; x_wconf 82' lang='lat' dir='ltr'><strong>fovea,</strong></span> <span class='ocrx_word' id='word_1_679' title='bbox 1177 2059 1211 2083; x_wconf 84' lang='lat' dir='ltr'><strong>ab</strong></span> <span class='ocrx_word' id='word_1_680' title='bbox 1232 2059 1289 2084; x_wconf 86' lang='lat' dir='ltr'><strong>alia</strong></span> <span class='ocrx_word' id='word_1_681' title='bbox 1305 2060 1379 2083; x_wconf 88' lang='lat' dir='ltr'><strong>idem</strong></span> <span class='ocrx_word' id='word_1_682' title='bbox 1395 2060 1527 2084; x_wconf 87' lang='lat' dir='ltr'><strong>dominus</strong></span> <span class='ocrx_word' id='word_1_683' title='bbox 1541 2062 1569 2083; x_wconf 90' lang='lat' dir='ltr'><strong>et</strong></span> <span class='ocrx_word' id='word_1_684' title='bbox 1584 2060 1732 2084; x_wconf 83' lang='lat' dir='ltr'><strong>laboratur</strong></span> <span class='ocrx_word' id='word_1_685' title='bbox 1745 2068 1794 2093; x_wconf 87' lang='lat' dir='ltr'><strong>per</strong></span> <span class='ocrx_word' id='word_1_686' title='bbox 1808 2061 2002 2085; x_wconf 85' lang='lat' dir='ltr'><strong>Benedictum.</strong></span> 
     </span>
     <span class='ocr_line' id='line_1_52' title="bbox 152 2104 2004 2139; baseline 0.001 -11"><span class='ocrx_word' id='word_1_687' title='bbox 152 2105 230 2133; x_wconf 86' lang='lat' dir='ltr'><strong>Item,</strong></span> <span class='ocrx_word' id='word_1_688' title='bbox 251 2105 327 2128; x_wconf 88' lang='lat' dir='ltr'><strong>circa</strong></span> <span class='ocrx_word' id='word_1_689' title='bbox 352 2104 458 2136; x_wconf 85' lang='lat' dir='ltr'><strong>viginti</strong></span> <span class='ocrx_word' id='word_1_690' title='bbox 479 2104 549 2129; x_wconf 89' lang='lat' dir='ltr'><strong>duos</strong></span> <span class='ocrx_word' id='word_1_691' title='bbox 568 2112 683 2136; x_wconf 87' lang='lat' dir='ltr'><strong>campos</strong></span> <span class='ocrx_word' id='word_1_692' title='bbox 701 2106 730 2129; x_wconf 90' lang='lat' dir='ltr'><strong>et</strong></span> <span class='ocrx_word' id='word_1_693' title='bbox 750 2106 856 2137; x_wconf 90' lang='lat' dir='ltr'><strong>septem</strong></span> <span class='ocrx_word' id='word_1_694' title='bbox 876 2105 999 2136; x_wconf 89' lang='lat' dir='ltr'><strong>perticas</strong></span> <span class='ocrx_word' id='word_1_695' title='bbox 1019 2106 1046 2128; x_wconf 86' lang='lat' dir='ltr'><strong>et</strong></span> <span class='ocrx_word' id='word_1_696' title='bbox 1066 2104 1215 2128; x_wconf 85' lang='lat' dir='ltr'><strong>dimidiam</strong></span> <span class='ocrx_word' id='word_1_697' title='bbox 1236 2106 1309 2128; x_wconf 86' lang='lat' dir='ltr'><strong>terre</strong></span> <span class='ocrx_word' id='word_1_698' title='bbox 1329 2105 1454 2128; x_wconf 87' lang='lat' dir='ltr'><strong>aratorie</strong></span> <span class='ocrx_word' id='word_1_699' title='bbox 1473 2106 1500 2128; x_wconf 91' lang='lat' dir='ltr'><strong>et</strong></span> <span class='ocrx_word' id='word_1_700' title='bbox 1520 2106 1655 2136; x_wconf 75' lang='lat' dir='ltr'><strong>pratalee,</strong></span> <span class='ocrx_word' id='word_1_701' title='bbox 1674 2106 1796 2139; x_wconf 83' lang='lat' dir='ltr'><strong>jacentis</strong></span> <span class='ocrx_word' id='word_1_702' title='bbox 1818 2106 1846 2129; x_wconf 90' lang='lat' dir='ltr'><strong>in</strong></span> <span class='ocrx_word' id='word_1_703' title='bbox 1868 2104 2004 2135; x_wconf 85' lang='lat' dir='ltr'><strong>Garbelo,</strong></span> 
     </span>
     <span class='ocr_line' id='line_1_53' title="bbox 152 2147 2003 2182; baseline 0.001 -9"><span class='ocrx_word' id='word_1_704' title='bbox 152 2150 183 2173; x_wconf 89' lang='lat' dir='ltr'><strong>in</strong></span> <span class='ocrx_word' id='word_1_705' title='bbox 211 2147 407 2181; x_wconf 82' lang='lat' dir='ltr'><strong>Caudalonga‚</strong></span> <span class='ocrx_word' id='word_1_706' title='bbox 431 2149 549 2173; x_wconf 86' lang='lat' dir='ltr'><strong>coheret</strong></span> <span class='ocrx_word' id='word_1_707' title='bbox 566 2156 583 2173; x_wconf 80' lang='lat' dir='ltr'><strong>a</strong></span> <span class='ocrx_word' id='word_1_708' title='bbox 602 2150 711 2174; x_wconf 86' lang='lat' dir='ltr'><strong>duabus</strong></span> <span class='ocrx_word' id='word_1_709' title='bbox 733 2149 864 2181; x_wconf 85' lang='lat' dir='ltr'><strong>partibus</strong></span> <span class='ocrx_word' id='word_1_710' title='bbox 890 2149 984 2173; x_wconf 84' lang='lat' dir='ltr'><strong>dictus</strong></span> <span class='ocrx_word' id='word_1_711' title='bbox 1010 2150 1153 2180; x_wconf 85' lang='lat' dir='ltr'><strong>dominus,</strong></span> <span class='ocrx_word' id='word_1_712' title='bbox 1173 2150 1202 2173; x_wconf 89' lang='lat' dir='ltr'><strong>et</strong></span> <span class='ocrx_word' id='word_1_713' title='bbox 1221 2149 1368 2173; x_wconf 85' lang='lat' dir='ltr'><strong>laboratur</strong></span> <span class='ocrx_word' id='word_1_714' title='bbox 1387 2156 1437 2182; x_wconf 87' lang='lat' dir='ltr'><strong>per</strong></span> <span class='ocrx_word' id='word_1_715' title='bbox 1456 2149 1641 2174; x_wconf 86' lang='lat' dir='ltr'><strong>Benedictum</strong></span> <span class='ocrx_word' id='word_1_716' title='bbox 1660 2151 1688 2174; x_wconf 89' lang='lat' dir='ltr'><strong>et</strong></span> <span class='ocrx_word' id='word_1_717' title='bbox 1707 2149 1845 2182; x_wconf 83' lang='lat' dir='ltr'><strong>quosdam</strong></span> <span class='ocrx_word' id='word_1_718' title='bbox 1869 2150 1945 2175; x_wconf 82' lang='lat' dir='ltr'><strong>alios</strong></span> <span class='ocrx_word' id='word_1_719' title='bbox 1970 2150 2003 2174; x_wconf 87' lang='lat' dir='ltr'><strong>de</strong></span> 
     </span>
     <span class='ocr_line' id='line_1_54' title="bbox 153 2193 2004 2227; baseline 0.001 -10"><span class='ocrx_word' id='word_1_720' title='bbox 153 2194 329 2225; x_wconf 77' lang='lat' dir='ltr'><strong>Burgosorti.</strong></span> <span class='ocrx_word' id='word_1_721' title='bbox 365 2193 444 2223; x_wconf 78' lang='lat' dir='ltr'><strong>Item,</strong></span> <span class='ocrx_word' id='word_1_722' title='bbox 465 2194 540 2218; x_wconf 84' lang='lat' dir='ltr'><strong>circa</strong></span> <span class='ocrx_word' id='word_1_723' title='bbox 559 2195 652 2218; x_wconf 88' lang='lat' dir='ltr'><strong>decem</strong></span> <span class='ocrx_word' id='word_1_724' title='bbox 674 2202 788 2226; x_wconf 88' lang='lat' dir='ltr'><strong>campos</strong></span> <span class='ocrx_word' id='word_1_725' title='bbox 807 2196 835 2218; x_wconf 89' lang='lat' dir='ltr'><strong>et</strong></span> <span class='ocrx_word' id='word_1_726' title='bbox 854 2196 911 2218; x_wconf 89' lang='lat' dir='ltr'><strong>tres</strong></span> <span class='ocrx_word' id='word_1_727' title='bbox 931 2194 1054 2226; x_wconf 83' lang='lat' dir='ltr'><strong>perticas</strong></span> <span class='ocrx_word' id='word_1_728' title='bbox 1073 2195 1146 2218; x_wconf 83' lang='lat' dir='ltr'><strong>terre</strong></span> <span class='ocrx_word' id='word_1_729' title='bbox 1165 2194 1290 2218; x_wconf 82' lang='lat' dir='ltr'><strong>aratorie</strong></span> <span class='ocrx_word' id='word_1_730' title='bbox 1310 2195 1338 2218; x_wconf 87' lang='lat' dir='ltr'><strong>et</strong></span> <span class='ocrx_word' id='word_1_731' title='bbox 1357 2194 1492 2225; x_wconf 82' lang='lat' dir='ltr'><strong>pratalee,</strong></span> <span class='ocrx_word' id='word_1_732' title='bbox 1515 2195 1637 2227; x_wconf 84' lang='lat' dir='ltr'><strong>jacentis</strong></span> <span class='ocrx_word' id='word_1_733' title='bbox 1656 2194 1688 2218; x_wconf 83' lang='lat' dir='ltr'><strong>in</strong></span> <span class='ocrx_word' id='word_1_734' title='bbox 1707 2194 1813 2226; x_wconf 84' lang='lat' dir='ltr'><strong>Strata,</strong></span> <span class='ocrx_word' id='word_1_735' title='bbox 1838 2195 1951 2219; x_wconf 87' lang='lat' dir='ltr'><strong>coheret</strong></span> <span class='ocrx_word' id='word_1_736' title='bbox 1970 2195 2004 2219; x_wconf 83' lang='lat' dir='ltr'><strong>ab</strong></span> 
     </span>
     <span class='ocr_line' id='line_1_55' title="bbox 154 2237 1933 2270; baseline 0 -7"><span class='ocrx_word' id='word_1_737' title='bbox 154 2246 209 2263; x_wconf 85' lang='lat' dir='ltr'><strong>una</strong></span> <span class='ocrx_word' id='word_1_738' title='bbox 229 2239 310 2270; x_wconf 80' lang='lat' dir='ltr'><strong>parte</strong></span> <span class='ocrx_word' id='word_1_739' title='bbox 330 2239 384 2269; x_wconf 83' lang='lat' dir='ltr'><strong>via,</strong></span> <span class='ocrx_word' id='word_1_740' title='bbox 406 2239 441 2262; x_wconf 90' lang='lat' dir='ltr'><strong>ab</strong></span> <span class='ocrx_word' id='word_1_741' title='bbox 459 2238 526 2263; x_wconf 89' lang='lat' dir='ltr'><strong>aliis</strong></span> <span class='ocrx_word' id='word_1_742' title='bbox 546 2239 640 2263; x_wconf 84' lang='lat' dir='ltr'><strong>dictus</strong></span> <span class='ocrx_word' id='word_1_743' title='bbox 658 2239 802 2267; x_wconf 87' lang='lat' dir='ltr'><strong>dominus,</strong></span> <span class='ocrx_word' id='word_1_744' title='bbox 821 2240 849 2263; x_wconf 87' lang='lat' dir='ltr'><strong>ct</strong></span> <span class='ocrx_word' id='word_1_745' title='bbox 869 2239 1018 2263; x_wconf 86' lang='lat' dir='ltr'><strong>laboratur</strong></span> <span class='ocrx_word' id='word_1_746' title='bbox 1037 2245 1086 2270; x_wconf 86' lang='lat' dir='ltr'><strong>per</strong></span> <span class='ocrx_word' id='word_1_747' title='bbox 1105 2239 1219 2262; x_wconf 84' lang='lat' dir='ltr'><strong>Petrum</strong></span> <span class='ocrx_word' id='word_1_748' title='bbox 1239 2237 1450 2270; x_wconf 85' lang='lat' dir='ltr'><strong>Trochegnani,</strong></span> <span class='ocrx_word' id='word_1_749' title='bbox 1467 2240 1494 2262; x_wconf 91' lang='lat' dir='ltr'><strong>et</strong></span> <span class='ocrx_word' id='word_1_750' title='bbox 1515 2239 1588 2263; x_wconf 85' lang='lat' dir='ltr'><strong>forte</strong></span> <span class='ocrx_word' id='word_1_751' title='bbox 1607 2239 1663 2263; x_wconf 89' lang='lat' dir='ltr'><strong>alie</strong></span> <span class='ocrx_word' id='word_1_752' title='bbox 1682 2241 1748 2263; x_wconf 75' lang='lat' dir='ltr'><strong>sunt</strong></span> <span class='ocrx_word' id='word_1_753' title='bbox 1760 2239 1933 2264; x_wconf 80' lang='lat' dir='ltr'><strong>coherentie.</strong></span> 
     </span>
    </p>

    <p class='ocr_par' dir='ltr' id='par_1_14' title="bbox 153 2282 2005 2984">
     <span class='ocr_line' id='line_1_56' title="bbox 242 2282 2004 2315; baseline 0.001 -9"><span class='ocrx_word' id='word_1_754' title='bbox 242 2283 274 2307; x_wconf 91' lang='lat' dir='ltr'><strong>In</strong></span> <span class='ocrx_word' id='word_1_755' title='bbox 295 2284 375 2315; x_wconf 85' lang='lat' dir='ltr'><strong>parte</strong></span> <span class='ocrx_word' id='word_1_756' title='bbox 395 2283 506 2307; x_wconf 89' lang='lat' dir='ltr'><strong>domini</strong></span> <span class='ocrx_word' id='word_1_757' title='bbox 524 2283 602 2308; x_wconf 86' lang='lat' dir='ltr'><strong>Petri</strong></span> <span class='ocrx_word' id='word_1_758' title='bbox 621 2282 756 2313; x_wconf 87' lang='lat' dir='ltr'><strong>Comitis,</strong></span> <span class='ocrx_word' id='word_1_759' title='bbox 774 2285 891 2315; x_wconf 87' lang='lat' dir='ltr'><strong>accepto</strong></span> <span class='ocrx_word' id='word_1_760' title='bbox 912 2291 970 2307; x_wconf 90' lang='lat' dir='ltr'><strong>uno</strong></span> <span class='ocrx_word' id='word_1_761' title='bbox 991 2283 1050 2307; x_wconf 87' lang='lat' dir='ltr'><strong>aiio</strong></span> <span class='ocrx_word' id='word_1_762' title='bbox 1071 2283 1148 2307; x_wconf 84' lang='lat' dir='ltr'><strong>brevi</strong></span> <span class='ocrx_word' id='word_1_763' title='bbox 1170 2291 1218 2314; x_wconf 90' lang='lat' dir='ltr'><strong>per</strong></span> <span class='ocrx_word' id='word_1_764' title='bbox 1237 2283 1346 2307; x_wconf 89' lang='lat' dir='ltr'><strong>dictum</strong></span> <span class='ocrx_word' id='word_1_765' title='bbox 1366 2290 1483 2315; x_wconf 86' lang='lat' dir='ltr'><strong>puerum</strong></span> <span class='ocrx_word' id='word_1_766' title='bbox 1504 2284 1577 2308; x_wconf 89' lang='lat' dir='ltr'><strong>dicti</strong></span> <span class='ocrx_word' id='word_1_767' title='bbox 1597 2284 1623 2308; x_wconf 83' lang='lat' dir='ltr'><strong>d.</strong></span> <span class='ocrx_word' id='word_1_768' title='bbox 1643 2283 1721 2308; x_wconf 85' lang='lat' dir='ltr'><strong>Petri</strong></span> <span class='ocrx_word' id='word_1_769' title='bbox 1740 2283 1866 2308; x_wconf 89' lang='lat' dir='ltr'><strong>Comitis</strong></span> <span class='ocrx_word' id='word_1_770' title='bbox 1887 2285 2004 2308; x_wconf 86' lang='lat' dir='ltr'><strong>nomine</strong></span> 
     </span>
     <span class='ocr_line' id='line_1_57' title="bbox 153 2327 2002 2361; baseline 0 -9"><span class='ocrx_word' id='word_1_771' title='bbox 153 2329 182 2352; x_wconf 88' lang='lat' dir='ltr'><strong>et</strong></span> <span class='ocrx_word' id='word_1_772' title='bbox 201 2328 272 2356; x_wconf 81' lang='lat' dir='ltr'><strong>vice,</strong></span> <span class='ocrx_word' id='word_1_773' title='bbox 297 2327 413 2351; x_wconf 89' lang='lat' dir='ltr'><strong>volente</strong></span> <span class='ocrx_word' id='word_1_774' title='bbox 438 2329 465 2352; x_wconf 85' lang='lat' dir='ltr'><strong>et</strong></span> <span class='ocrx_word' id='word_1_775' title='bbox 490 2329 607 2361; x_wconf 82' lang='lat' dir='ltr'><strong>jubente</strong></span> <span class='ocrx_word' id='word_1_776' title='bbox 635 2328 699 2360; x_wconf 89' lang='lat' dir='ltr'><strong>ipso</strong></span> <span class='ocrx_word' id='word_1_777' title='bbox 720 2329 746 2352; x_wconf 92' lang='lat' dir='ltr'><strong>d.</strong></span> <span class='ocrx_word' id='word_1_778' title='bbox 766 2329 852 2353; x_wconf 89' lang='lat' dir='ltr'><strong>Petro</strong></span> <span class='ocrx_word' id='word_1_779' title='bbox 873 2327 996 2358; x_wconf 84' lang='lat' dir='ltr'><strong>Comite,</strong></span> <span class='ocrx_word' id='word_1_780' title='bbox 1016 2329 1156 2352; x_wconf 86' lang='lat' dir='ltr'><strong>venerunt</strong></span> <span class='ocrx_word' id='word_1_781' title='bbox 1176 2328 1273 2352; x_wconf 89' lang='lat' dir='ltr'><strong>omnia</strong></span> <span class='ocrx_word' id='word_1_782' title='bbox 1294 2328 1490 2360; x_wconf 72' lang='lat' dir='ltr'><strong>infrascripta,</strong></span> <span class='ocrx_word' id='word_1_783' title='bbox 1516 2329 1628 2352; x_wconf 84' lang='lat' dir='ltr'><strong>scilicet</strong></span> <span class='ocrx_word' id='word_1_784' title='bbox 1653 2329 1748 2352; x_wconf 89' lang='lat' dir='ltr'><strong>decern</strong></span> <span class='ocrx_word' id='word_1_785' title='bbox 1774 2328 1914 2353; x_wconf 79' lang='lat' dir='ltr'><strong>sedimina</strong></span> <span class='ocrx_word' id='word_1_786' title='bbox 1941 2337 2002 2352; x_wconf 89' lang='lat' dir='ltr'><strong>cum</strong></span> 
     </span>
     <span class='ocr_line' id='line_1_58' title="bbox 154 2372 2001 2405; baseline 0.001 -9"><span class='ocrx_word' id='word_1_787' title='bbox 154 2373 295 2401; x_wconf 89' lang='lat' dir='ltr'><strong>domibus,</strong></span> <span class='ocrx_word' id='word_1_788' title='bbox 319 2373 446 2405; x_wconf 85' lang='lat' dir='ltr'><strong>jacentia</strong></span> <span class='ocrx_word' id='word_1_789' title='bbox 471 2372 566 2396; x_wconf 86' lang='lat' dir='ltr'><strong>Padue</strong></span> <span class='ocrx_word' id='word_1_790' title='bbox 593 2374 622 2396; x_wconf 84' lang='lat' dir='ltr'><strong>in</strong></span> <span class='ocrx_word' id='word_1_791' title='bbox 643 2374 775 2397; x_wconf 88' lang='lat' dir='ltr'><strong>contrata</strong></span> <span class='ocrx_word' id='word_1_792' title='bbox 794 2372 821 2397; x_wconf 87' lang='lat' dir='ltr'><strong>S.</strong></span> <span class='ocrx_word' id='word_1_793' title='bbox 842 2373 964 2397; x_wconf 88' lang='lat' dir='ltr'><strong>Martini</strong></span> <span class='ocrx_word' id='word_1_794' title='bbox 989 2373 1065 2396; x_wconf 88' lang='lat' dir='ltr'><strong>ultra</strong></span> <span class='ocrx_word' id='word_1_795' title='bbox 1092 2373 1177 2402; x_wconf 86' lang='lat' dir='ltr'><strong>viam,</strong></span> <span class='ocrx_word' id='word_1_796' title='bbox 1204 2379 1256 2403; x_wconf 88' lang='lat' dir='ltr'><strong>qua</strong></span> <span class='ocrx_word' id='word_1_797' title='bbox 1283 2373 1342 2396; x_wconf 91' lang='lat' dir='ltr'><strong>itur</strong></span> <span class='ocrx_word' id='word_1_798' title='bbox 1362 2373 1397 2396; x_wconf 87' lang='lat' dir='ltr'><strong>ad</strong></span> <span class='ocrx_word' id='word_1_799' title='bbox 1423 2374 1539 2405; x_wconf 85' lang='lat' dir='ltr'><strong>pontem</strong></span> <span class='ocrx_word' id='word_1_800' title='bbox 1565 2372 1716 2402; x_wconf 82' lang='lat' dir='ltr'><strong>Fallaroti,</strong></span> <span class='ocrx_word' id='word_1_801' title='bbox 1744 2373 1774 2396; x_wconf 86' lang='lat' dir='ltr'><strong>in</strong></span> <span class='ocrx_word' id='word_1_802' title='bbox 1801 2380 1858 2397; x_wconf 85' lang='lat' dir='ltr'><strong>uno</strong></span> <span class='ocrx_word' id='word_1_803' title='bbox 1884 2381 2001 2404; x_wconf 86' lang='lat' dir='ltr'><strong>quorum</strong></span> 
     </span>
     <span class='ocr_line' id='line_1_59' title="bbox 155 2416 2002 2449; baseline 0.001 -9"><span class='ocrx_word' id='word_1_804' title='bbox 155 2417 248 2441; x_wconf 83' lang='lat' dir='ltr'><strong>stabat</strong></span> <span class='ocrx_word' id='word_1_805' title='bbox 274 2417 408 2449; x_wconf 87' lang='lat' dir='ltr'><strong>magister</strong></span> <span class='ocrx_word' id='word_1_806' title='bbox 429 2416 573 2448; x_wconf 77' lang='lat' dir='ltr'><strong>johannes</strong></span> <span class='ocrx_word' id='word_1_807' title='bbox 594 2417 726 2446; x_wconf 86' lang='lat' dir='ltr'><strong>medicus,</strong></span> <span class='ocrx_word' id='word_1_808' title='bbox 752 2418 783 2442; x_wconf 90' lang='lat' dir='ltr'><strong>in</strong></span> <span class='ocrx_word' id='word_1_809' title='bbox 803 2417 929 2442; x_wconf 87' lang='lat' dir='ltr'><strong>secundo</strong></span> <span class='ocrx_word' id='word_1_810' title='bbox 948 2416 1066 2449; x_wconf 66' lang='lat' dir='ltr'><strong>Picalva</strong></span> <span class='ocrx_word' id='word_1_811' title='bbox 1086 2424 1149 2441; x_wconf 87' lang='lat' dir='ltr'><strong>cum</strong></span> <span class='ocrx_word' id='word_1_812' title='bbox 1169 2424 1217 2440; x_wconf 88' lang='lat' dir='ltr'><strong>sua</strong></span> <span class='ocrx_word' id='word_1_813' title='bbox 1237 2417 1362 2448; x_wconf 84' lang='lat' dir='ltr'><strong>taberna,</strong></span> <span class='ocrx_word' id='word_1_814' title='bbox 1383 2418 1413 2441; x_wconf 87' lang='lat' dir='ltr'><strong>in</strong></span> <span class='ocrx_word' id='word_1_815' title='bbox 1435 2418 1522 2441; x_wconf 85' lang='lat' dir='ltr'><strong>tertio</strong></span> <span class='ocrx_word' id='word_1_816' title='bbox 1536 2417 1659 2448; x_wconf 85' lang='lat' dir='ltr'><strong>Jacobus</strong></span> <span class='ocrx_word' id='word_1_817' title='bbox 1678 2416 1818 2447; x_wconf 81' lang='lat' dir='ltr'><strong>Stuarius,</strong></span> <span class='ocrx_word' id='word_1_818' title='bbox 1844 2418 1873 2441; x_wconf 87' lang='lat' dir='ltr'><strong>in</strong></span> <span class='ocrx_word' id='word_1_819' title='bbox 1901 2420 2002 2449; x_wconf 88' lang='lat' dir='ltr'><strong>quarto</strong></span> 
     </span>
     <span class='ocr_line' id='line_1_60' title="bbox 153 2460 2003 2493; baseline 0 -8"><span class='ocrx_word' id='word_1_820' title='bbox 153 2461 299 2485; x_wconf 85' lang='lat' dir='ltr'><strong>Avantius</strong></span> <span class='ocrx_word' id='word_1_821' title='bbox 319 2468 334 2485; x_wconf 90' lang='lat' dir='ltr'><strong>a</strong></span> <span class='ocrx_word' id='word_1_822' title='bbox 352 2460 443 2491; x_wconf 85' lang='lat' dir='ltr'><strong>lectis,</strong></span> <span class='ocrx_word' id='word_1_823' title='bbox 457 2461 486 2484; x_wconf 91' lang='lat' dir='ltr'><strong>in</strong></span> <span class='ocrx_word' id='word_1_824' title='bbox 507 2462 609 2492; x_wconf 88' lang='lat' dir='ltr'><strong>quinto</strong></span> <span class='ocrx_word' id='word_1_825' title='bbox 629 2461 772 2490; x_wconf 85' lang='lat' dir='ltr'><strong>Antonio,</strong></span> <span class='ocrx_word' id='word_1_826' title='bbox 795 2462 823 2486; x_wconf 92' lang='lat' dir='ltr'><strong>in</strong></span> <span class='ocrx_word' id='word_1_827' title='bbox 844 2463 925 2486; x_wconf 82' lang='lat' dir='ltr'><strong>sexto</strong></span> <span class='ocrx_word' id='word_1_828' title='bbox 945 2461 1085 2490; x_wconf 83' lang='lat' dir='ltr'><strong>Donatus,</strong></span> <span class='ocrx_word' id='word_1_829' title='bbox 1100 2461 1130 2485; x_wconf 87' lang='lat' dir='ltr'><strong>in</strong></span> <span class='ocrx_word' id='word_1_830' title='bbox 1146 2461 1269 2493; x_wconf 86' lang='lat' dir='ltr'><strong>septimo</strong></span> <span class='ocrx_word' id='word_1_831' title='bbox 1288 2462 1331 2485; x_wconf 89' lang='lat' dir='ltr'><strong>est</strong></span> <span class='ocrx_word' id='word_1_832' title='bbox 1344 2461 1463 2492; x_wconf 84' lang='lat' dir='ltr'><strong>quedam</strong></span> <span class='ocrx_word' id='word_1_833' title='bbox 1482 2463 1558 2493; x_wconf 84' lang='lat' dir='ltr'><strong>teges</strong></span> <span class='ocrx_word' id='word_1_834' title='bbox 1573 2469 1588 2485; x_wconf 91' lang='lat' dir='ltr'><strong>a</strong></span> <span class='ocrx_word' id='word_1_835' title='bbox 1609 2462 1684 2490; x_wconf 88' lang='lat' dir='ltr'><strong>feno,</strong></span> <span class='ocrx_word' id='word_1_836' title='bbox 1699 2462 1728 2485; x_wconf 90' lang='lat' dir='ltr'><strong>in</strong></span> <span class='ocrx_word' id='word_1_837' title='bbox 1741 2462 1846 2486; x_wconf 85' lang='lat' dir='ltr'><strong>octavo</strong></span> <span class='ocrx_word' id='word_1_838' title='bbox 1855 2461 2003 2493; x_wconf 76' lang='lat' dir='ltr'><strong>Jacobina,</strong></span> 
     </span>
     <span class='ocr_line' id='line_1_61' title="bbox 155 2505 2001 2540; baseline 0.001 -11"><span class='ocrx_word' id='word_1_839' title='bbox 155 2506 186 2529; x_wconf 87' lang='lat' dir='ltr'><strong>in</strong></span> <span class='ocrx_word' id='word_1_840' title='bbox 214 2512 293 2529; x_wconf 91' lang='lat' dir='ltr'><strong>nono</strong></span> <span class='ocrx_word' id='word_1_841' title='bbox 312 2505 466 2534; x_wconf 84' lang='lat' dir='ltr'><strong>Uliverius,</strong></span> <span class='ocrx_word' id='word_1_842' title='bbox 486 2506 516 2530; x_wconf 90' lang='lat' dir='ltr'><strong>in</strong></span> <span class='ocrx_word' id='word_1_843' title='bbox 537 2506 648 2531; x_wconf 89' lang='lat' dir='ltr'><strong>decimo</strong></span> <span class='ocrx_word' id='word_1_844' title='bbox 666 2505 795 2530; x_wconf 86' lang='lat' dir='ltr'><strong>Prandus</strong></span> <span class='ocrx_word' id='word_1_845' title='bbox 814 2505 932 2540; x_wconf 72' lang='lat' dir='ltr'><strong>Picalva</strong></span> <span class='ocrx_word' id='word_1_846' title='bbox 953 2514 1016 2530; x_wconf 90' lang='lat' dir='ltr'><strong>cum</strong></span> <span class='ocrx_word' id='word_1_847' title='bbox 1035 2513 1091 2530; x_wconf 92' lang='lat' dir='ltr'><strong>una</strong></span> <span class='ocrx_word' id='word_1_848' title='bbox 1112 2506 1195 2536; x_wconf 83' lang='lat' dir='ltr'><strong>aicta,</strong></span> <span class='ocrx_word' id='word_1_849' title='bbox 1216 2513 1268 2537; x_wconf 85' lang='lat' dir='ltr'><strong>que</strong></span> <span class='ocrx_word' id='word_1_850' title='bbox 1287 2507 1330 2529; x_wconf 91' lang='lat' dir='ltr'><strong>est</strong></span> <span class='ocrx_word' id='word_1_851' title='bbox 1349 2512 1435 2537; x_wconf 88' lang='lat' dir='ltr'><strong>penes</strong></span> <span class='ocrx_word' id='word_1_852' title='bbox 1449 2505 1555 2530; x_wconf 83' lang='lat' dir='ltr'><strong>dictam</strong></span> <span class='ocrx_word' id='word_1_853' title='bbox 1570 2506 1695 2530; x_wconf 87' lang='lat' dir='ltr'><strong>domum.</strong></span> <span class='ocrx_word' id='word_1_854' title='bbox 1732 2505 1874 2537; x_wconf 79' lang='lat' dir='ltr'><strong>sedimen,</strong></span> <span class='ocrx_word' id='word_1_855' title='bbox 1896 2508 1926 2530; x_wconf 82' lang='lat' dir='ltr'><strong>in</strong></span> <span class='ocrx_word' id='word_1_856' title='bbox 1946 2514 2001 2537; x_wconf 91' lang='lat' dir='ltr'><strong>quo</strong></span> 
     </span>
     <span class='ocr_line' id='line_1_62' title="bbox 154 2549 2002 2583; baseline 0.001 -10"><span class='ocrx_word' id='word_1_857' title='bbox 154 2550 266 2574; x_wconf 83' lang='lat' dir='ltr'><strong>habitat</strong></span> <span class='ocrx_word' id='word_1_858' title='bbox 284 2549 403 2581; x_wconf 64' lang='lat' dir='ltr'><strong>Picalva</strong></span> <span class='ocrx_word' id='word_1_859' title='bbox 421 2557 484 2574; x_wconf 90' lang='lat' dir='ltr'><strong>cum</strong></span> <span class='ocrx_word' id='word_1_860' title='bbox 505 2550 580 2574; x_wconf 81' lang='lat' dir='ltr'><strong>aleta</strong></span> <span class='ocrx_word' id='word_1_861' title='bbox 600 2551 738 2582; x_wconf 86' lang='lat' dir='ltr'><strong>predicta,</strong></span> <span class='ocrx_word' id='word_1_862' title='bbox 757 2553 799 2575; x_wconf 89' lang='lat' dir='ltr'><strong>est</strong></span> <span class='ocrx_word' id='word_1_863' title='bbox 819 2552 894 2576; x_wconf 85' lang='lat' dir='ltr'><strong>circa</strong></span> <span class='ocrx_word' id='word_1_864' title='bbox 920 2552 1004 2583; x_wconf 88' lang='lat' dir='ltr'><strong>pedes</strong></span> <span class='ocrx_word' id='word_1_865' title='bbox 1024 2551 1149 2582; x_wconf 83' lang='lat' dir='ltr'><strong>triginta</strong></span> <span class='ocrx_word' id='word_1_866' title='bbox 1176 2551 1245 2574; x_wconf 90' lang='lat' dir='ltr'><strong>duos</strong></span> <span class='ocrx_word' id='word_1_867' title='bbox 1265 2551 1297 2574; x_wconf 86' lang='lat' dir='ltr'><strong>de</strong></span> <span class='ocrx_word' id='word_1_868' title='bbox 1317 2552 1391 2579; x_wconf 83' lang='lat' dir='ltr'><strong>ante,</strong></span> <span class='ocrx_word' id='word_1_869' title='bbox 1414 2551 1460 2574; x_wconf 88' lang='lat' dir='ltr'><strong>cui</strong></span> <span class='ocrx_word' id='word_1_870' title='bbox 1486 2551 1600 2575; x_wconf 86' lang='lat' dir='ltr'><strong>coheret</strong></span> <span class='ocrx_word' id='word_1_871' title='bbox 1625 2558 1641 2574; x_wconf 89' lang='lat' dir='ltr'><strong>a</strong></span> <span class='ocrx_word' id='word_1_872' title='bbox 1665 2550 1772 2574; x_wconf 85' lang='lat' dir='ltr'><strong>duabus</strong></span> <span class='ocrx_word' id='word_1_873' title='bbox 1791 2551 1920 2583; x_wconf 82' lang='lat' dir='ltr'><strong>partibus</strong></span> <span class='ocrx_word' id='word_1_874' title='bbox 1945 2552 2002 2580; x_wconf 82' lang='lat' dir='ltr'><strong>via,</strong></span> 
     </span>
     <span class='ocr_line' id='line_1_63' title="bbox 156 2594 2003 2628; baseline 0.001 -10"><span class='ocrx_word' id='word_1_875' title='bbox 156 2596 189 2619; x_wconf 87' lang='lat' dir='ltr'><strong>ab</strong></span> <span class='ocrx_word' id='word_1_876' title='bbox 215 2594 273 2619; x_wconf 89' lang='lat' dir='ltr'><strong>alia</strong></span> <span class='ocrx_word' id='word_1_877' title='bbox 298 2594 432 2619; x_wconf 87' lang='lat' dir='ltr'><strong>Albertus</strong></span> <span class='ocrx_word' id='word_1_878' title='bbox 453 2596 593 2624; x_wconf 84' lang='lat' dir='ltr'><strong>notarius,</strong></span> <span class='ocrx_word' id='word_1_879' title='bbox 613 2596 646 2620; x_wconf 82' lang='lat' dir='ltr'><strong>de</strong></span> <span class='ocrx_word' id='word_1_880' title='bbox 672 2598 738 2628; x_wconf 90' lang='lat' dir='ltr'><strong>post</strong></span> <span class='ocrx_word' id='word_1_881' title='bbox 762 2603 831 2620; x_wconf 83' lang='lat' dir='ltr'><strong>vero</strong></span> <span class='ocrx_word' id='word_1_882' title='bbox 856 2598 898 2620; x_wconf 90' lang='lat' dir='ltr'><strong>est</strong></span> <span class='ocrx_word' id='word_1_883' title='bbox 923 2597 1008 2628; x_wconf 85' lang='lat' dir='ltr'><strong>pedes</strong></span> <span class='ocrx_word' id='word_1_884' title='bbox 1035 2596 1158 2627; x_wconf 85' lang='lat' dir='ltr'><strong>triginta</strong></span> <span class='ocrx_word' id='word_1_885' title='bbox 1184 2597 1250 2620; x_wconf 86' lang='lat' dir='ltr'><strong>octo</strong></span> <span class='ocrx_word' id='word_1_886' title='bbox 1277 2597 1304 2619; x_wconf 87' lang='lat' dir='ltr'><strong>et</strong></span> <span class='ocrx_word' id='word_1_887' title='bbox 1330 2595 1453 2619; x_wconf 88' lang='lat' dir='ltr'><strong>medium</strong></span> <span class='ocrx_word' id='word_1_888' title='bbox 1479 2596 1509 2620; x_wconf 92' lang='lat' dir='ltr'><strong>in</strong></span> <span class='ocrx_word' id='word_1_889' title='bbox 1536 2597 1615 2627; x_wconf 86' lang='lat' dir='ltr'><strong>parte</strong></span> <span class='ocrx_word' id='word_1_890' title='bbox 1634 2596 1780 2620; x_wconf 84' lang='lat' dir='ltr'><strong>inferiori.</strong></span> <span class='ocrx_word' id='word_1_891' title='bbox 1817 2595 1922 2619; x_wconf 82' lang='lat' dir='ltr'><strong>Omnia</strong></span> <span class='ocrx_word' id='word_1_892' title='bbox 1949 2596 2003 2620; x_wconf 84' lang='lat' dir='ltr'><strong>alia</strong></span> 
     </span>
     <span class='ocr_line' id='line_1_64' title="bbox 155 2639 2005 2673; baseline 0.001 -10"><span class='ocrx_word' id='word_1_893' title='bbox 155 2639 295 2664; x_wconf 85' lang='lat' dir='ltr'><strong>sedimina</strong></span> <span class='ocrx_word' id='word_1_894' title='bbox 321 2639 489 2671; x_wconf 87' lang='lat' dir='ltr'><strong>incipiendo</strong></span> <span class='ocrx_word' id='word_1_895' title='bbox 515 2646 531 2663; x_wconf 85' lang='lat' dir='ltr'><strong>a</strong></span> <span class='ocrx_word' id='word_1_896' title='bbox 550 2640 598 2664; x_wconf 82' lang='lat' dir='ltr'><strong>via</strong></span> <span class='ocrx_word' id='word_1_897' title='bbox 617 2640 740 2673; x_wconf 87' lang='lat' dir='ltr'><strong>publica,</strong></span> <span class='ocrx_word' id='word_1_898' title='bbox 760 2647 814 2672; x_wconf 85' lang='lat' dir='ltr'><strong>qua</strong></span> <span class='ocrx_word' id='word_1_899' title='bbox 834 2641 893 2665; x_wconf 88' lang='lat' dir='ltr'><strong>itur</strong></span> <span class='ocrx_word' id='word_1_900' title='bbox 913 2641 947 2665; x_wconf 86' lang='lat' dir='ltr'><strong>ad</strong></span> <span class='ocrx_word' id='word_1_901' title='bbox 967 2642 1084 2672; x_wconf 85' lang='lat' dir='ltr'><strong>pontem</strong></span> <span class='ocrx_word' id='word_1_902' title='bbox 1106 2640 1258 2669; x_wconf 81' lang='lat' dir='ltr'><strong>Fallaroti,</strong></span> <span class='ocrx_word' id='word_1_903' title='bbox 1278 2640 1420 2664; x_wconf 83' lang='lat' dir='ltr'><strong>veniendo</strong></span> <span class='ocrx_word' id='word_1_904' title='bbox 1441 2639 1475 2664; x_wconf 90' lang='lat' dir='ltr'><strong>de</strong></span> <span class='ocrx_word' id='word_1_905' title='bbox 1494 2642 1574 2672; x_wconf 84' lang='lat' dir='ltr'><strong>parte</strong></span> <span class='ocrx_word' id='word_1_906' title='bbox 1598 2640 1755 2672; x_wconf 81' lang='lat' dir='ltr'><strong>posteriori</strong></span> <span class='ocrx_word' id='word_1_907' title='bbox 1774 2642 1801 2664; x_wconf 86' lang='lat' dir='ltr'><strong>et</strong></span> <span class='ocrx_word' id='word_1_908' title='bbox 1821 2640 2005 2672; x_wconf 81' lang='lat' dir='ltr'><strong>protenditur</strong></span> 
     </span>
     <span class='ocr_line' id='line_1_65' title="bbox 155 2684 2001 2717; baseline 0 -9"><span class='ocrx_word' id='word_1_909' title='bbox 155 2691 241 2715; x_wconf 87' lang='lat' dir='ltr'><strong>usque</strong></span> <span class='ocrx_word' id='word_1_910' title='bbox 262 2684 295 2708; x_wconf 88' lang='lat' dir='ltr'><strong>ad</strong></span> <span class='ocrx_word' id='word_1_911' title='bbox 315 2684 455 2715; x_wconf 87' lang='lat' dir='ltr'><strong>quendam</strong></span> <span class='ocrx_word' id='word_1_912' title='bbox 476 2691 594 2715; x_wconf 86' lang='lat' dir='ltr'><strong>murum,</strong></span> <span class='ocrx_word' id='word_1_913' title='bbox 621 2692 674 2716; x_wconf 91' lang='lat' dir='ltr'><strong>que</strong></span> <span class='ocrx_word' id='word_1_914' title='bbox 699 2686 741 2709; x_wconf 86' lang='lat' dir='ltr'><strong>est</strong></span> <span class='ocrx_word' id='word_1_915' title='bbox 767 2684 866 2709; x_wconf 91' lang='lat' dir='ltr'><strong>domus</strong></span> <span class='ocrx_word' id='word_1_916' title='bbox 895 2685 1010 2709; x_wconf 86' lang='lat' dir='ltr'><strong>Alberti</strong></span> <span class='ocrx_word' id='word_1_917' title='bbox 1037 2685 1152 2715; x_wconf 87' lang='lat' dir='ltr'><strong>notarii,</strong></span> <span class='ocrx_word' id='word_1_918' title='bbox 1181 2692 1233 2716; x_wconf 90' lang='lat' dir='ltr'><strong>que</strong></span> <span class='ocrx_word' id='word_1_919' title='bbox 1259 2686 1300 2708; x_wconf 86' lang='lat' dir='ltr'><strong>est</strong></span> <span class='ocrx_word' id='word_1_920' title='bbox 1326 2692 1414 2717; x_wconf 87' lang='lat' dir='ltr'><strong>prope</strong></span> <span class='ocrx_word' id='word_1_921' title='bbox 1438 2686 1558 2716; x_wconf 86' lang='lat' dir='ltr'><strong>tegetem</strong></span> <span class='ocrx_word' id='word_1_922' title='bbox 1585 2692 1599 2709; x_wconf 89' lang='lat' dir='ltr'><strong>a</strong></span> <span class='ocrx_word' id='word_1_923' title='bbox 1631 2685 1698 2709; x_wconf 87' lang='lat' dir='ltr'><strong>seno</strong></span> <span class='ocrx_word' id='word_1_924' title='bbox 1723 2691 1817 2708; x_wconf 85' lang='lat' dir='ltr'><strong>versus</strong></span> <span class='ocrx_word' id='word_1_925' title='bbox 1843 2684 2001 2713; x_wconf 87' lang='lat' dir='ltr'><strong>meridiem,</strong></span> 
     </span>
     <span class='ocr_line' id='line_1_66' title="bbox 154 2728 2003 2762; baseline 0.001 -11"><span class='ocrx_word' id='word_1_926' title='bbox 154 2730 220 2752; x_wconf 87' lang='lat' dir='ltr'><strong>sunt</strong></span> <span class='ocrx_word' id='word_1_927' title='bbox 239 2729 316 2752; x_wconf 85' lang='lat' dir='ltr'><strong>circa</strong></span> <span class='ocrx_word' id='word_1_928' title='bbox 336 2729 459 2760; x_wconf 83' lang='lat' dir='ltr'><strong>perticas</strong></span> <span class='ocrx_word' id='word_1_929' title='bbox 479 2728 571 2752; x_wconf 84' lang='lat' dir='ltr'><strong>decem</strong></span> <span class='ocrx_word' id='word_1_930' title='bbox 591 2731 620 2753; x_wconf 88' lang='lat' dir='ltr'><strong>et</strong></span> <span class='ocrx_word' id='word_1_931' title='bbox 639 2730 704 2753; x_wconf 90' lang='lat' dir='ltr'><strong>octo</strong></span> <span class='ocrx_word' id='word_1_932' title='bbox 724 2731 752 2753; x_wconf 89' lang='lat' dir='ltr'><strong>et</strong></span> <span class='ocrx_word' id='word_1_933' title='bbox 771 2731 828 2754; x_wconf 88' lang='lat' dir='ltr'><strong>tres</strong></span> <span class='ocrx_word' id='word_1_934' title='bbox 848 2730 950 2762; x_wconf 79' lang='lat' dir='ltr'><strong>pedes3</strong></span> <span class='ocrx_word' id='word_1_935' title='bbox 970 2730 1003 2754; x_wconf 86' lang='lat' dir='ltr'><strong>de</strong></span> <span class='ocrx_word' id='word_1_936' title='bbox 1023 2731 1089 2754; x_wconf 86' lang='lat' dir='ltr'><strong>ante</strong></span> <span class='ocrx_word' id='word_1_937' title='bbox 1110 2736 1186 2757; x_wconf 74' lang='lat' dir='ltr'><strong>vero,</strong></span> <span class='ocrx_word' id='word_1_938' title='bbox 1208 2729 1386 2760; x_wconf 83' lang='lat' dir='ltr'><strong>incipiendo,</strong></span> <span class='ocrx_word' id='word_1_939' title='bbox 1408 2729 1454 2753; x_wconf 86' lang='lat' dir='ltr'><strong>ubi</strong></span> <span class='ocrx_word' id='word_1_940' title='bbox 1474 2729 1622 2761; x_wconf 87' lang='lat' dir='ltr'><strong>incipiunt</strong></span> <span class='ocrx_word' id='word_1_941' title='bbox 1641 2729 1757 2753; x_wconf 88' lang='lat' dir='ltr'><strong>taberne</strong></span> <span class='ocrx_word' id='word_1_942' title='bbox 1777 2729 1901 2761; x_wconf 67' lang='lat' dir='ltr'><strong>Picalvc,</strong></span> <span class='ocrx_word' id='word_1_943' title='bbox 1915 2736 2003 2760; x_wconf 88' lang='lat' dir='ltr'><strong>usque</strong></span> 
     </span>
     <span class='ocr_line' id='line_1_67' title="bbox 155 2772 2004 2807; baseline 0.001 -11"><span class='ocrx_word' id='word_1_944' title='bbox 155 2772 191 2796; x_wconf 86' lang='lat' dir='ltr'><strong>ad</strong></span> <span class='ocrx_word' id='word_1_945' title='bbox 214 2779 325 2797; x_wconf 86' lang='lat' dir='ltr'><strong>murum</strong></span> <span class='ocrx_word' id='word_1_946' title='bbox 345 2772 417 2796; x_wconf 88' lang='lat' dir='ltr'><strong>dicti</strong></span> <span class='ocrx_word' id='word_1_947' title='bbox 431 2772 463 2796; x_wconf 76' lang='lat' dir='ltr'><strong>d.</strong></span> <span class='ocrx_word' id='word_1_948' title='bbox 485 2773 609 2803; x_wconf 80' lang='lat' dir='ltr'><strong>Alberti,</strong></span> <span class='ocrx_word' id='word_1_949' title='bbox 626 2773 681 2798; x_wconf 84' lang='lat' dir='ltr'><strong>filii</strong></span> <span class='ocrx_word' id='word_1_950' title='bbox 701 2774 726 2798; x_wconf 88' lang='lat' dir='ltr'><strong>d.</strong></span> <span class='ocrx_word' id='word_1_951' title='bbox 746 2773 915 2807; x_wconf 80' lang='lat' dir='ltr'><strong>A1br1getti,</strong></span> <span class='ocrx_word' id='word_1_952' title='bbox 935 2776 1001 2798; x_wconf 90' lang='lat' dir='ltr'><strong>sunt</strong></span> <span class='ocrx_word' id='word_1_953' title='bbox 1021 2775 1097 2798; x_wconf 88' lang='lat' dir='ltr'><strong>circa</strong></span> <span class='ocrx_word' id='word_1_954' title='bbox 1117 2774 1239 2806; x_wconf 82' lang='lat' dir='ltr'><strong>perticas</strong></span> <span class='ocrx_word' id='word_1_955' title='bbox 1260 2773 1354 2797; x_wconf 69' lang='lat' dir='ltr'><strong>decem</strong></span> <span class='ocrx_word' id='word_1_956' title='bbox 1374 2774 1403 2797; x_wconf 88' lang='lat' dir='ltr'><strong>et</strong></span> <span class='ocrx_word' id='word_1_957' title='bbox 1421 2773 1527 2805; x_wconf 87' lang='lat' dir='ltr'><strong>septem</strong></span> <span class='ocrx_word' id='word_1_958' title='bbox 1548 2775 1575 2797; x_wconf 90' lang='lat' dir='ltr'><strong>et</strong></span> <span class='ocrx_word' id='word_1_959' title='bbox 1590 2773 1739 2797; x_wconf 86' lang='lat' dir='ltr'><strong>dimidiam</strong></span> <span class='ocrx_word' id='word_1_960' title='bbox 1754 2774 1848 2797; x_wconf 85' lang='lat' dir='ltr'><strong>minus</strong></span> <span class='ocrx_word' id='word_1_961' title='bbox 1862 2780 1921 2797; x_wconf 88' lang='lat' dir='ltr'><strong>uno</strong></span> <span class='ocrx_word' id='word_1_962' title='bbox 1935 2773 2004 2806; x_wconf 85' lang='lat' dir='ltr'><strong>pede</strong></span> 
     </span>
     <span class='ocr_line' id='line_1_68' title="bbox 155 2816 2004 2850; baseline 0.001 -10"><span class='ocrx_word' id='word_1_963' title='bbox 155 2818 183 2840; x_wconf 86' lang='lat' dir='ltr'><strong>et</strong></span> <span class='ocrx_word' id='word_1_964' title='bbox 202 2816 334 2846; x_wconf 76' lang='lat' dir='ltr'><strong>dimidio.</strong></span> <span class='ocrx_word' id='word_1_965' title='bbox 353 2817 470 2841; x_wconf 89' lang='lat' dir='ltr'><strong>coheret</strong></span> <span class='ocrx_word' id='word_1_966' title='bbox 489 2817 522 2841; x_wconf 85' lang='lat' dir='ltr'><strong>ab</strong></span> <span class='ocrx_word' id='word_1_967' title='bbox 542 2824 598 2841; x_wconf 83' lang='lat' dir='ltr'><strong>una</strong></span> <span class='ocrx_word' id='word_1_968' title='bbox 617 2820 698 2849; x_wconf 85' lang='lat' dir='ltr'><strong>parte</strong></span> <span class='ocrx_word' id='word_1_969' title='bbox 717 2819 811 2843; x_wconf 86' lang='lat' dir='ltr'><strong>dictus</strong></span> <span class='ocrx_word' id='word_1_970' title='bbox 830 2819 974 2847; x_wconf 86' lang='lat' dir='ltr'><strong>Albertus,</strong></span> <span class='ocrx_word' id='word_1_971' title='bbox 995 2826 1010 2843; x_wconf 84' lang='lat' dir='ltr'><strong>a</strong></span> <span class='ocrx_word' id='word_1_972' title='bbox 1029 2818 1140 2842; x_wconf 89' lang='lat' dir='ltr'><strong>duobus</strong></span> <span class='ocrx_word' id='word_1_973' title='bbox 1160 2818 1287 2849; x_wconf 86' lang='lat' dir='ltr'><strong>partibus</strong></span> <span class='ocrx_word' id='word_1_974' title='bbox 1302 2818 1349 2841; x_wconf 86' lang='lat' dir='ltr'><strong>via</strong></span> <span class='ocrx_word' id='word_1_975' title='bbox 1365 2817 1490 2849; x_wconf 82' lang='lat' dir='ltr'><strong>publica.</strong></span> <span class='ocrx_word' id='word_1_976' title='bbox 1527 2817 1605 2845; x_wconf 86' lang='lat' dir='ltr'><strong>Item,</strong></span> <span class='ocrx_word' id='word_1_977' title='bbox 1621 2819 1676 2841; x_wconf 79' lang='lat' dir='ltr'><strong>tria</strong></span> <span class='ocrx_word' id='word_1_978' title='bbox 1690 2818 1861 2845; x_wconf 83' lang='lat' dir='ltr'><strong>casamenta,</strong></span> <span class='ocrx_word' id='word_1_979' title='bbox 1879 2818 2004 2850; x_wconf 84' lang='lat' dir='ltr'><strong>jacentia</strong></span> 
     </span>
     <span class='ocr_line' id='line_1_69' title="bbox 154 2861 2004 2896; baseline 0.001 -11"><span class='ocrx_word' id='word_1_980' title='bbox 154 2861 249 2885; x_wconf 89' lang='lat' dir='ltr'><strong>Padue</strong></span> <span class='ocrx_word' id='word_1_981' title='bbox 263 2862 292 2885; x_wconf 92' lang='lat' dir='ltr'><strong>in</strong></span> <span class='ocrx_word' id='word_1_982' title='bbox 307 2862 405 2886; x_wconf 86' lang='lat' dir='ltr'><strong>eodem</strong></span> <span class='ocrx_word' id='word_1_983' title='bbox 419 2862 484 2886; x_wconf 91' lang='lat' dir='ltr'><strong>loco</strong></span> <span class='ocrx_word' id='word_1_984' title='bbox 504 2869 539 2886; x_wconf 83' lang='lat' dir='ltr'><strong>ex</strong></span> <span class='ocrx_word' id='word_1_985' title='bbox 559 2862 616 2887; x_wconf 90' lang='lat' dir='ltr'><strong>alia</strong></span> <span class='ocrx_word' id='word_1_986' title='bbox 630 2865 708 2894; x_wconf 83' lang='lat' dir='ltr'><strong>parte</strong></span> <span class='ocrx_word' id='word_1_987' title='bbox 729 2864 783 2894; x_wconf 85' lang='lat' dir='ltr'><strong>vie,</strong></span> <span class='ocrx_word' id='word_1_988' title='bbox 803 2871 854 2896; x_wconf 88' lang='lat' dir='ltr'><strong>pro</strong></span> <span class='ocrx_word' id='word_1_989' title='bbox 873 2864 1004 2888; x_wconf 84' lang='lat' dir='ltr'><strong>indiviso</strong></span> <span class='ocrx_word' id='word_1_990' title='bbox 1022 2871 1087 2888; x_wconf 88' lang='lat' dir='ltr'><strong>cum</strong></span> <span class='ocrx_word' id='word_1_991' title='bbox 1107 2864 1132 2887; x_wconf 88' lang='lat' dir='ltr'><strong>d.</strong></span> <span class='ocrx_word' id='word_1_992' title='bbox 1152 2862 1287 2887; x_wconf 89' lang='lat' dir='ltr'><strong>Rolando</strong></span> <span class='ocrx_word' id='word_1_993' title='bbox 1308 2862 1456 2894; x_wconf 84' lang='lat' dir='ltr'><strong>Englesco,</strong></span> <span class='ocrx_word' id='word_1_994' title='bbox 1476 2863 1506 2887; x_wconf 86' lang='lat' dir='ltr'><strong>in</strong></span> <span class='ocrx_word' id='word_1_995' title='bbox 1527 2870 1585 2886; x_wconf 88' lang='lat' dir='ltr'><strong>uno</strong></span> <span class='ocrx_word' id='word_1_996' title='bbox 1598 2869 1719 2894; x_wconf 84' lang='lat' dir='ltr'><strong>quorum</strong></span> <span class='ocrx_word' id='word_1_997' title='bbox 1738 2863 1850 2886; x_wconf 87' lang='lat' dir='ltr'><strong>habitat</strong></span> <span class='ocrx_word' id='word_1_998' title='bbox 1868 2863 2004 2894; x_wconf 85' lang='lat' dir='ltr'><strong>magister</strong></span> 
     </span>
     <span class='ocr_line' id='line_1_70' title="bbox 155 2906 2003 2939; baseline 0 -9"><span class='ocrx_word' id='word_1_999' title='bbox 155 2906 291 2930; x_wconf 87' lang='lat' dir='ltr'><strong>Dondeus</strong></span> <span class='ocrx_word' id='word_1_1000' title='bbox 305 2906 514 2939; x_wconf 86' lang='lat' dir='ltr'><strong>apothecarius,</strong></span> <span class='ocrx_word' id='word_1_1001' title='bbox 533 2908 563 2930; x_wconf 88' lang='lat' dir='ltr'><strong>in</strong></span> <span class='ocrx_word' id='word_1_1002' title='bbox 584 2907 709 2932; x_wconf 86' lang='lat' dir='ltr'><strong>secundo</strong></span> <span class='ocrx_word' id='word_1_1003' title='bbox 729 2906 838 2939; x_wconf 82' lang='lat' dir='ltr'><strong>Claria,</strong></span> <span class='ocrx_word' id='word_1_1004' title='bbox 853 2910 882 2932; x_wconf 83' lang='lat' dir='ltr'><strong>in</strong></span> <span class='ocrx_word' id='word_1_1005' title='bbox 902 2907 993 2933; x_wconf 83' lang='lat' dir='ltr'><strong>tercio</strong></span> <span class='ocrx_word' id='word_1_1006' title='bbox 1008 2908 1199 2935; x_wconf 86' lang='lat' dir='ltr'><strong>Benevenuto,</strong></span> <span class='ocrx_word' id='word_1_1007' title='bbox 1219 2914 1271 2938; x_wconf 88' lang='lat' dir='ltr'><strong>que</strong></span> <span class='ocrx_word' id='word_1_1008' title='bbox 1285 2908 1352 2931; x_wconf 87' lang='lat' dir='ltr'><strong>sunt</strong></span> <span class='ocrx_word' id='word_1_1009' title='bbox 1367 2908 1443 2931; x_wconf 71' lang='lat' dir='ltr'><strong>circa</strong></span> <span class='ocrx_word' id='word_1_1010' title='bbox 1458 2907 1565 2938; x_wconf 86' lang='lat' dir='ltr'><strong>viginti</strong></span> <span class='ocrx_word' id='word_1_1011' title='bbox 1579 2908 1644 2931; x_wconf 78' lang='lat' dir='ltr'><strong>octo</strong></span> <span class='ocrx_word' id='word_1_1012' title='bbox 1659 2907 1770 2931; x_wconf 81' lang='lat' dir='ltr'><strong>tabulas</strong></span> <span class='ocrx_word' id='word_1_1013' title='bbox 1784 2908 1812 2931; x_wconf 82' lang='lat' dir='ltr'><strong>et</strong></span> <span class='ocrx_word' id='word_1_1014' title='bbox 1825 2907 1895 2931; x_wconf 88' lang='lat' dir='ltr'><strong>duas</strong></span> <span class='ocrx_word' id='word_1_1015' title='bbox 1909 2909 2003 2939; x_wconf 80' lang='lat' dir='ltr'><strong>partes</strong></span> 
     </span>
     <span class='ocr_line' id='line_1_71' title="bbox 160 2951 2002 2984; baseline 0 -9"><span class='ocrx_word' id='word_1_1016' title='bbox 160 2951 244 2975; x_wconf 88' lang='lat' dir='ltr'><strong>unius</strong></span> <span class='ocrx_word' id='word_1_1017' title='bbox 261 2951 365 2981; x_wconf 83' lang='lat' dir='ltr'><strong>tabule,</strong></span> <span class='ocrx_word' id='word_1_1018' title='bbox 387 2951 501 2975; x_wconf 87' lang='lat' dir='ltr'><strong>coheret</strong></span> <span class='ocrx_word' id='word_1_1019' title='bbox 521 2958 535 2975; x_wconf 85' lang='lat' dir='ltr'><strong>a</strong></span> <span class='ocrx_word' id='word_1_1020' title='bbox 556 2951 662 2976; x_wconf 87' lang='lat' dir='ltr'><strong>duabus</strong></span> <span class='ocrx_word' id='word_1_1021' title='bbox 681 2952 811 2984; x_wconf 84' lang='lat' dir='ltr'><strong>partibus</strong></span> <span class='ocrx_word' id='word_1_1022' title='bbox 831 2954 876 2978; x_wconf 76' lang='lat' dir='ltr'><strong>via</strong></span> <span class='ocrx_word' id='word_1_1023' title='bbox 895 2953 1036 2982; x_wconf 80' lang='lat' dir='ltr'><strong>comunis,</strong></span> <span class='ocrx_word' id='word_1_1024' title='bbox 1055 2953 1089 2976; x_wconf 89' lang='lat' dir='ltr'><strong>ab</strong></span> <span class='ocrx_word' id='word_1_1025' title='bbox 1110 2953 1166 2976; x_wconf 82' lang='lat' dir='ltr'><strong>alia</strong></span> <span class='ocrx_word' id='word_1_1026' title='bbox 1187 2952 1262 2977; x_wconf 89' lang='lat' dir='ltr'><strong>idem</strong></span> <span class='ocrx_word' id='word_1_1027' title='bbox 1282 2951 1415 2976; x_wconf 85' lang='lat' dir='ltr'><strong>dominus</strong></span> <span class='ocrx_word' id='word_1_1028' title='bbox 1436 2952 1592 2976; x_wconf 78' lang='lat' dir='ltr'><strong>Roiandus.</strong></span> <span class='ocrx_word' id='word_1_1029' title='bbox 1631 2951 1665 2976; x_wconf 86' lang='lat' dir='ltr'><strong>Et</strong></span> <span class='ocrx_word' id='word_1_1030' title='bbox 1685 2952 1781 2976; x_wconf 81' lang='lat' dir='ltr'><strong>omnia</strong></span> <span class='ocrx_word' id='word_1_1031' title='bbox 1802 2952 1876 2976; x_wconf 84' lang='lat' dir='ltr'><strong>bona</strong></span> <span class='ocrx_word' id='word_1_1032' title='bbox 1897 2953 1925 2975; x_wconf 89' lang='lat' dir='ltr'><strong>et</strong></span> <span class='ocrx_word' id='word_1_1033' title='bbox 1940 2958 2002 2983; x_wconf 87' lang='lat' dir='ltr'><strong>pos-</strong></span> 
     </span>
    </p>
   </div>
  </div>
 </body>
</html>
