2290 3449
77 783 115 815 10

76 1047 112 1080 15

78 1315 119 1346 20

82 1580 121 1612 25

79 1847 121 1878 30

79 2166 120 2200 35

81 2434 122 2464 40

81 2699 121 2730 45

499 170 675 206 GESTA
702 171 1006 206 MAGNIFICA
1034 170 1220 206 DOMUS
1250 169 1638 206 CARRARIENSIS

145 312 243 338 trovo
259 305 307 337 lui
323 306 413 338 nella
436 312 529 338 terra
545 317 639 339 esser
661 307 761 338 stado
778 306 886 338 molto
901 307 1042 344 tenudo,

146 365 179 391 et
203 359 274 391 cosi
297 370 342 390 no
365 360 487 391 siando
511 360 661 402 signore,
686 370 787 392 como
810 360 870 401 poi
893 360 1042 402 signore.

145 413 191 444 Et
206 413 242 444 fo
266 418 388 455 questo
406 423 519 444 meser
535 413 684 445 Ubertin
701 413 802 444 homo
819 413 862 444 de
880 424 925 444 un
942 423 1044 454 gran-

145 466 189 497 de
212 476 348 503 anemo,
372 476 504 498 nesuna
527 477 609 498 cosa
632 466 659 497 si
681 466 826 509 grande,
850 465 893 497 ne
909 466 1044 506 319611-

145 519 276 561 golosa,
301 518 366 550 che
390 519 437 550 lui
462 529 506 550 no
530 519 674 550 havesse
699 519 823 549 ossado
855 518 1042 549 altamente

144 572 395 604 intromettere.
441 572 493 604 La
516 572 596 614 qual
621 581 702 603 cosa
726 581 761 602 se
785 571 843 612 po'
860 581 1043 612 compren-

145 625 230 657 dere
254 624 290 655 in
316 624 348 655 la
371 631 481 657 morte
506 625 550 656 de
576 624 777 656 Guillielmo
801 624 926 655 Dente.
974 623 1043 654 Era

145 684 264 720 questo
289 678 488 710 Guillielmo
514 678 618 709 homo
649 677 684 708 in
718 677 749 707 la
773 677 841 708 cita
872 677 916 708 de
947 676 1043 707 Pava

143 731 249 762 molto
280 737 443 773 possente
484 736 518 762 et
548 730 705 772 haveage
744 730 843 761 molti
881 729 978 760 amisi
1009 735 1044 760 et

143 784 305 816 eciandio
341 790 512 826 conconto
551 782 584 814 al
615 783 703 814 ditto
741 793 854 813 meser
892 781 1042 813 Ubertin

143 836 391 878 doppiamente
431 837 474 868 de
506 835 661 878 parenta.
709 834 769 866 Ma
806 846 882 876 pur,
920 835 1042 867 siando

143 895 235 922 sorto
259 895 310 921 tra
337 890 395 921 elli
410 900 479 920 una
503 889 679 920 discordia
702 899 766 930 per
791 898 893 920 cason
913 888 956 920 de
974 898 1042 919 una

143 953 288 986 covene.
313 953 380 975 con
406 942 437 973 13
467 942 570 984 quale
602 952 707 973 usava
738 942 747 972 i
780 941 858 973 ditti
892 942 947 977 do,
980 940 1043 983 606

143 1006 255 1028 meser
277 995 426 1027 Ubertin
450 1001 484 1027 et
500 995 710 1033 Guillielmo‚
727 995 762 1025 in
779 995 873 1026 mille
888 1000 1042 1026 tresento

143 1049 367 1091 vinticinque‚
392 1060 411 1080 a
436 1049 469 1080 di
494 1057 572 1080 xvn
601 1048 645 1079 de
678 1057 803 1090 cugno,
835 1048 866 1079 el
891 1048 1042 1089 preditto

141 1113 255 1134 meser
269 1101 429 1140 Ubertin‚
452 1101 718 1144 acompagnado
741 1100 787 1132 da
811 1112 866 1138 un,
891 1101 1041 1132 chiama-

142 1154 188 1186 do
211 1155 243 1187 el
267 1155 416 1186 Tartaro
439 1154 484 1186 da
507 1154 727 1193 Lendenara,
755 1154 873 1185 ancise
897 1153 928 1186 el
953 1154 1041 1185 ditto

143 1207 303 1240 Goielmo
328 1208 451 1247 Dente,
484 1218 529 1239 no
561 1206 738 1238 habiando
769 1207 944 1249 reguardo
975 1207 1041 1238 che

143 1262 175 1292 el
200 1261 287 1292 ditto
320 1261 480 1293 Goielmo
514 1261 606 1291 fosse
629 1260 682 1290 sul
704 1260 843 1302 portigo
868 1259 959 1291 della
981 1269 1041 1291 soa

1098 311 1178 337 ante
1208 305 1399 337 dominium
1434 305 1618 347 magnifico
1650 306 1791 338 domino
1822 306 1995 339 Ubertino

1097 358 1249 390 delatum
1273 358 1338 389 viri
1364 358 1506 389 fuerunt
1530 359 1564 388 in
1593 359 1730 390 civitate
1755 365 1927 400 potentes,
1952 359 1995 390 ab

1097 411 1255 443 omnibus
1290 420 1416 452 magno
1452 411 1578 452 sumpti
1614 412 1743 443 honore
1783 413 1996 455 multumque

1097 464 1288 504 formidati,
1311 474 1415 504 opum
1440 463 1677 505 perpollentes
1702 465 1894 503 affluencia,
1911 466 1997 496 ami-

1098 517 1160 554 cis,
1184 526 1270 557 quos
1293 516 1418 547 multos
1442 515 1629 554 habebant,
1654 516 1845 549 fidelissimi
1871 524 1905 550 et
1937 518 1999 549 du-

1096 569 1231 610 rissimi,
1255 569 1472 600 inimicorum
1498 576 1739 609 persecutores
1767 570 1998 601 familiaribus

1096 622 1270 653 nobilibus
1287 622 1464 658 delectati,
1480 622 1515 652 in
1533 622 1630 663 equis
1647 628 1680 654 et
1696 623 1799 654 armis
1812 623 1998 664 splendidi.

1099 675 1255 713 Quorum
1280 675 1399 712 altero,
1424 675 1562 707 scilicet
1587 676 1726 707 domino
1752 676 1936 708 Bonifacio
1961 676 1998 707 in

1095 729 1275 772 juventute
1292 740 1353 760 sua
1372 740 1390 760 a
1408 735 1517 760 morte
1535 736 1756 770 supervento,
1773 730 1865 761 solus
1877 740 1996 771 super-

1097 783 1184 814 stitit
1207 783 1367 814 dominus
1398 782 1598 820 Ubertinus‚
1623 782 1676 814 vir
1703 782 1856 825 ingentis
1879 783 1997 820 animi,

1097 836 1203 867 nichil
1221 842 1289 867 tam
1303 836 1423 878 ingens
1437 842 1470 867 et
1487 835 1731 876 periculosum,
1744 837 1837 878 quod
1851 836 1998 877 aggredi

1097 889 1313 927 formidaret,
1337 888 1431 930 quod
1448 888 1480 919 in
1499 895 1610 920 morte
1628 888 1806 920 Guilielmi
1825 889 1867 920 de
1886 889 1998 920 Dente

1096 948 1209 983 potest
1244 942 1430 973 manifeste
1468 942 1731 982 comprehendi.
1786 941 1870 973 Erat
1907 942 1998 973 enim

1098 995 1155 1026 hic
1173 995 1377 1027 Guilielmus
1394 996 1437 1026 de
1455 995 1567 1026 Dente
1584 995 1636 1025 vir
1652 994 1686 1025 in
1704 994 1844 1026 civitate
1864 1001 1998 1035 potem,

1097 1047 1315 1079 multitudine
1341 1048 1488 1079 vallatus
1505 1048 1708 1085 amicorum,
1726 1048 1836 1079 eciam
1853 1048 1919 1089 ipsi
1937 1048 1999 1078 do-

1097 1101 1190 1132 mino
1221 1100 1394 1132 Ubertino
1425 1102 1557 1142 duplici
1590 1101 1795 1133 coniunctus
1823 1101 1998 1132 affinitate.

1097 1154 1167 1186 Sed
1192 1154 1330 1194 [Cetera
1353 1155 1419 1193 (cc.
1448 1154 1604 1193 151-194)
1628 1158 1814 1195 sequuntur
1836 1157 1942 1195 prout
1963 1153 2000 1184 in

1097 1206 1128 1238 A
1152 1207 1218 1247 (cc.
1252 1207 1366 1247 47-90)
1397 1207 1506 1238 variis
1537 1207 1730 1238 leclz'onibus
1762 1207 1885 1238 ibidem
1917 1217 2000 1238 exa·-

1096 1261 1196 1301 ratis]

143 1324 225 1346 casa
247 1313 388 1355 propria
413 1319 448 1344 et
471 1313 738 1355 acompagnado
764 1312 809 1344 de
834 1312 1056 1346 moltitudine
1081 1313 1217 1346 d'amisi
1243 1324 1260 1344 e
1278 1314 1322 1345 de
1338 1314 1483 1356 famigli.
1523 1313 1627 1356 Anci,
1645 1324 1746 1345 como
1764 1313 1831 1345 ello
1849 1313 1882 1345 el
1899 1313 1998 1350 vede,

143 1367 248 1409 pieno
272 1366 359 1398 d’ira
383 1366 496 1398 subito
523 1365 673 1397 l’assalto
697 1372 731 1397 et
755 1365 783 1397 si
808 1365 961 1398 l'ancise.
1009 1366 1076 1399 Per
1102 1368 1133 1398 13
1157 1372 1268 1398 morte
1294 1366 1351 1399 del
1376 1367 1475 1408 quale
1501 1366 1638 1398 Pullion
1664 1367 1698 1399 di
1722 1366 1928 1398 Bechadelli
1953 1367 1998 1397 da

143 1420 311 1463 Bologna,
337 1419 484 1461 podest&
508 1420 551 1451 de
577 1419 683 1457 pava,
708 1419 841 1451 robade
866 1421 1023 1461 enprima
1042 1428 1076 1452 et
1098 1422 1157 1462 poi
1180 1420 1310 1463 getado
1335 1430 1416 1463 ‚coso
1434 1426 1469 1451 et
1485 1420 1632 1451 ruinade
1657 1420 1688 1451 le
1706 1430 1786 1451 case
1803 1420 1836 1451 di
1854 1419 1999 1461 preditti

146 1484 260 1506 meser
282 1472 430 1505 Ubertin
455 1474 500 1505 da
523 1473 671 1505 Carrara
696 1479 731 1505 et
755 1473 903 1505 Tartaro
928 1474 973 1505 da
997 1474 1218 1511 Lendenara,
1245 1474 1314 1504 ello
1336 1474 1367 1505 ie
1394 1473 1450 1505 de'
1475 1473 1590 1505 bando
1616 1475 1660 1505 de
1688 1473 1794 1505 Pava.
1840 1473 1998 1505 Turbadi

146 1527 158 1558 i
180 1526 405 1568 sovrascripti
430 1537 543 1558 meser
565 1526 714 1558 Ubertin
739 1532 774 1558 et
796 1527 945 1558 Tartaro
965 1527 1023 1559 del
1041 1527 1142 1559 robar
1161 1533 1195 1559 et
1219 1527 1274 1559 del
1300 1526 1413 1568 gietar
1429 1537 1511 1569 coso
1535 1526 1628 1558 delle
1652 1537 1712 1558 soe
1729 1537 1820 1564 case,
1837 1527 1929 1559 ando
1954 1526 2000 1557 da

145 1590 258 1611 meser
281 1578 356 1611 Can
381 1579 473 1611 dalla
496 1578 610 1616 Scala,
635 1579 667 1611 el
693 1580 773 1622 qual
798 1580 909 1611 allora
933 1580 1043 1612 havea
1070 1581 1101 1612 10
1126 1580 1263 1612 assedio
1288 1586 1411 1612 atorno
1436 1580 1541 1617 Pava,
1568 1586 1601 1611 et
1625 1580 1671 1611 fe’
1695 1580 1905 1611 convention
1931 1590 1999 1611 con

146 1633 215 1665 ello
238 1638 273 1664 et
295 1633 323 1664 31
346 1633 378 1663 16
402 1633 455 1663 de’
481 1632 620 1669 obstasi,
644 1633 710 1664 che
735 1633 793 1664 elli
818 1633 996 1664 andarave
1020 1640 1055 1665 et
1080 1644 1201 1665 serave
1226 1644 1288 1675 per
1311 1634 1345 1665 la
1373 1643 1433 1665 soa
1464 1639 1575 1675 parte.
1622 1631 1683 1664 Ma
1715 1633 1780 1674 pur
1811 1644 1830 1664 a
1862 1632 1999 1675 prieghi

145 1686 202 1717 dei
225 1686 304 1718 altri
329 1686 374 1717 da
397 1685 546 1717 Carrara
570 1685 629 1717 6111
654 1686 743 1717 lasso
768 1691 892 1728 questo
916 1697 953 1718 so
979 1687 1161 1729 proposito
1188 1687 1230 1718 de
1256 1696 1350 1718 esser
1373 1697 1438 1718 con
1463 1697 1575 1718 meser
1606 1687 1692 1723 Can,
1724 1692 1758 1718 et
1781 1687 1870 1717 have
1902 1686 1961 1727 poi
1984 1687 1996 1717 i

143 1740 195 1771 soi
226 1739 367 1775 obstasi,
391 1739 533 1781 quando
565 1749 679 1770 meser
703 1739 825 1771 Marco
850 1745 884 1771 et
914 1740 1057 1784 (jordan
1088 1740 1246 1782 Forcate,
1279 1740 1477 1772 Francesco
1510 1741 1554 1771 da
1585 1739 1755 1782 Vigonca,
1786 1739 1998 1771 Prodocimo

145 1792 308 1836 Caligine
325 1798 359 1824 et
383 1791 536 1835 Ruciero
561 1793 597 1824 di
622 1791 781 1824 Flabiani
806 1793 894 1824 have
912 1793 924 1824 i
941 1793 1003 1829 soi,
1021 1793 1086 1825 che
1103 1793 1163 1825 elli
1182 1794 1294 1824 havea
1312 1793 1368 1832 da,
1391 1794 1458 1825 che
1476 1793 1536 1824 elli
1555 1793 1749 1825 obedirave
1766 1793 1832 1824 alle
1849 1793 1999 1830 confine,

143 1846 284 1889 quando
309 1856 372 1888 per
397 1856 501 1878 cason
528 1846 572 1878 de
597 1856 709 1877 meser
734 1845 861 1878 Nicolo
887 1847 932 1878 da
956 1846 1104 1879 Carrara
1128 1847 1188 1879 6111
1214 1847 1250 1879 fo
1275 1846 1465 1879 confinadi.

240 1952 299 1985 152
324 1952 402 1994 [48].
427 1971 469 1976 —
493 1953 533 1984 In
551 1953 667 1995 quello
682 1953 829 1985 instesso
847 1953 1042 1992 millesimo,
1059 1953 1170 1985 Paulo
1188 1954 1313 1991 Dente,
1330 1954 1483 1986 fradello
1500 1954 1558 1986 del
1575 1953 1811 1995 sovrascripto
1829 1953 2000 1991 Goielmo,

145 2018 210 2049 per
233 2007 412 2049 vendegar
435 2005 468 2037 la
491 2012 602 2038 morte
627 2006 685 2038 del
710 2006 860 2038 fradello
884 2006 931 2038 fe’
956 2017 1023 2038 una
1048 2007 1193 2038 coniura
1218 2013 1341 2039 contra
1365 2007 1462 2050 quilli
1481 2008 1526 2038 da
1549 2006 1707 2038 Carrara.
1754 2007 1799 2038 Et
1824 2006 1904 2044 cosi,
1921 2017 1940 2037 a
1964 2006 1999 2038 di

144 2060 281 2092 vintidu
305 2060 349 2091 de
374 2059 583 2101 septembre,
608 2059 873 2101 acompagnado
898 2060 942 2091 de
968 2069 1031 2091 XVI
1049 2071 1068 2090 a
1085 2060 1220 2092 cavallo
1237 2071 1257 2092 0
1275 2061 1405 2092 6616113
1429 2065 1463 2091 et
1480 2061 1524 2091 de
1542 2060 1672 2102 pedoni
1689 2060 1776 2091 forsi
1802 2060 1999 2102 cinquanta,

147 2113 214 2145 ello
239 2123 338 2145 corse
364 2112 431 2144 alle
455 2112 564 2155 piace,
588 2111 760 2154 gridando
785 2123 853 2144 con
872 2112 903 2144 13
926 2123 985 2144 303
1009 2113 1239 2156 compagnia:
1270 2114 1284 2129 ‘⁴
1301 2112 1389 2144 Viva
1411 2113 1443 2145 el
1460 2113 1588 2155 povolo
1606 2119 1640 2144 et
1656 2124 1777 2145 muora
1801 2113 1812 2143 i
1836 2112 1998 2144 traditori

150 2167 224 2198 “da
247 2166 396 2198 Carrara
412 2189 441 2204 „.
489 2165 533 2197 Et
559 2165 631 2198 cosi
654 2166 903 2198 incontenente
929 2166 960 2197 el
986 2176 1085 2198 corse
1110 2166 1177 2197 alle
1203 2176 1283 2197 6336
1308 2167 1351 2196 de
1376 2176 1489 2198 meser
1519 2165 1715 2198 Marsilieto
1747 2172 1782 2197 et
1810 2167 1853 2197 de
1885 2176 1998 2197 meser

145 2220 284 2262 Oppico
310 2219 491 2260 Papafava
515 2218 562 2251 da
583 2219 743 2251 Carrara.
791 2219 859 2250 Nel
888 2220 969 2261 qual
994 2229 1116 2251 correr
1140 2220 1175 2251 fo
1207 2219 1355 2252 trovado
1387 2231 1434 2251 un
1466 2219 1594 2252 fameio
1627 2218 1671 2251 de
1702 2230 1816 2251 meser
1847 2219 1996 2261 Oppico,

146 2272 335 2305 nominado
360 2272 568 2314 Papardela,
599 2273 630 2304 el
662 2274 743 2315 qual
775 2273 820 2304 da
853 2278 993 2305 costoro
1025 2273 1062 2304 fo
1093 2273 1208 2305 subito
1239 2279 1364 2305 morto.
1410 2273 1454 2305 Et
1486 2272 1556 2304 6031
1589 2272 1684 2304 della
1714 2279 1813 2315 parte
1843 2273 1887 2304 de
1911 2273 1998 2304 Polo

145 2327 258 2358 Dent‘e
283 2335 326 2356 en
350 2325 388 2357 fo
411 2330 523 2357 morto
547 2336 595 2357 un
617 2325 715 2358 altro.
763 2325 809 2358 Et
839 2326 1050 2367 partandose
1083 2326 1140 2367 poi
1173 2325 1206 2357 el
1238 2326 1325 2358 ditto
1350 2325 1438 2358 Polo
1471 2326 1549 2357 dale
1576 2326 1663 2358 ditte
1694 2336 1784 2364 case,
1817 2325 1885 2357 ello
1908 2331 2000 2357 trase

146 2379 214 2411 alla
238 2379 352 2422 piaca:
375 2379 408 2410 al
433 2379 513 2421 qual
536 2379 623 2411 Polo
648 2379 860 2422 favorecava
885 2379 1023 2411 Pullion
1046 2379 1082 2411 di
1108 2379 1325 2417 Bechadelli,
1343 2380 1488 2420 podest&
1505 2381 1549 2411 de
1568 2379 1672 2416 Pava,
1696 2389 1795 2411 como
1813 2379 1850 2410 fo
1867 2379 1999 2420 sapudo

147 2431 193 2464 da
216 2433 286 2474 poi.
333 2432 374 2463 El
400 2431 486 2463 ditto
511 2431 650 2463 Pullion
676 2432 787 2464 subito
812 2431 867 2463 col
891 2442 953 2463 son
979 2432 1072 2463 della
1097 2443 1266 2473 campana
1291 2432 1348 2463 del
1373 2442 1499 2463 comun
1515 2441 1551 2463 se
1569 2431 1684 2474 sforco
1710 2432 1752 2463 de
1778 2441 1944 2463 comover
1967 2432 1998 2464 el

146 2486 275 2527 povolo
300 2485 344 2516 ad
367 2494 472 2516 arme.
522 2485 565 2516 Et
589 2496 648 2517 era
672 2485 708 2516 in
733 2486 765 2517 la
789 2491 888 2526 parte
913 2487 956 2517 de
987 2485 1075 2517 Polo
1100 2491 1187 2517 tutte
1219 2485 1251 2516 16
1283 2486 1428 2527 insegne
1461 2491 1494 2516 et
1518 2485 1684 2516 bandiere
1718 2484 1774 2516 del
1800 2495 1937 2516 comun.
1984 2485 1999 2516 I

144 2538 276 2581 signori
300 2539 346 2570 da
369 2538 530 2575 Carrara,
554 2539 751 2580 vecandose
768 2550 788 2570 a
805 2539 989 2570 manifesto
1014 2538 1171 2581 perigolo
1190 2539 1233 2570 de
1250 2545 1360 2570 morte
1384 2544 1418 2570 et
1433 2538 1475 2570 de
1494 2548 1587 2569 esser
1611 2537 1768 2580 chacadi,
1785 2538 1915 2579 perche
1940 2538 1999 2569 elli

147 2603 205 2623 era
236 2591 460 2623 abandonadi
493 2592 537 2622 da
568 2590 728 2634 ogn’omo
761 2598 795 2624 et
826 2592 988 2624 eciandio
1021 2592 1066 2623 da
1097 2592 1175 2634 quel
1208 2592 1359 2630 Pullion,
1390 2592 1455 2623 che
1487 2591 1545 2622 elli
1577 2591 1690 2622 havea
1723 2592 1809 2622 fatto
1841 2591 1999 2632 podesta,

146 2644 280 2677 armadi
303 2645 360 2676 nei
384 2644 542 2677 destrieri
570 2644 764 2676 virilmente
799 2655 896 2677 corse
930 2651 1051 2677 contra
1081 2646 1093 2677 i
1125 2645 1250 2683 nimisi,
1285 2645 1317 2676 ai
1349 2644 1443 2687 quali
1476 2644 1638 2676 eciandio
1670 2644 1866 2676 virilmente
1899 2654 1997 2676 60136

147 2698 308 2730 incontra
332 2697 417 2729 Polo
442 2698 554 2729 Dente
579 2708 644 2729 con
671 2698 681 2728 i
706 2699 767 2730 soi.
815 2699 861 2730 Et
886 2699 925 2741 ‚ca
950 2699 994 2730 da
1018 2699 1111 2730 l’una
1136 2705 1170 2730 et
1194 2699 1238 2729 da
1262 2698 1373 2730 l’altra
1397 2704 1495 2739 parte
1523 2697 1658 2729 durada
1689 2697 1722 2728 la
1754 2697 1868 2729 bataia
1899 2697 1997 2740 quasi

145 2762 214 2783 una
237 2751 323 2783 hora
347 2751 433 2782 dura
444 2757 493 2782 -et
516 2751 619 2788 forte,
642 2752 654 2782 i
678 2751 838 2783 todeschi
861 2752 996 2783 soldadi
1021 2752 1078 2783 del
1096 2761 1222 2784 comun
1242 2761 1422 2792 comparse
1440 2751 1507 2782 alle
1525 2751 1634 2793 piace,
1651 2751 1891 2793 favorecando
1908 2752 1997 2783 assai

145 2804 207 2846 piu
231 2805 263 2835 la
285 2810 384 2846 parte
409 2805 454 2836 de
478 2803 565 2836 Polo
589 2804 657 2835 cha
681 2805 777 2846 quilli
803 2804 848 2836 da
871 2804 1022 2836 carrara
1046 2810 1091 2842 et,
1117 2804 1317 2836 mostrando
1352 2805 1395 2836 de
1427 2805 1522 2835 voler
1546 2804 1601 2834 far
1626 2804 1861 2845 composicion
1885 2810 1937 2836 tra
1967 2804 1999 2836 le

144 2863 255 2899 parte,
287 2858 342 2889 de'
374 2858 505 2889 ordene
538 2857 604 2889 che
636 2857 736 2899 quilli
769 2859 813 2891 da
843 2858 993 2890 Carrara
1023 2858 1144 2889 insisse
1170 2869 1215 2888 un
1246 2857 1363 2900 pocho
1389 2857 1479 2888 (16116
1504 2857 1612 2899 piace,
1637 2857 1791 2898 digando
1816 2857 1882 2888 che
1912 2856 1999 2889 Polo

146 2911 260 2942 Dente
284 2910 404 2942 farave
423 2910 454 2941 el
471 2910 602 2942 simele.
638 2910 697 2942 Ma
715 2911 867 2952 partido,
884 2911 916 2942 61
934 2911 1127 2943 sovraditto
1142 2910 1230 2942 Polo
1246 2909 1360 2942 subito
1379 2911 1410 2942 el
1428 2909 1569 2942 retorno
1587 2909 1654 2941 alla
1671 2909 1836 2941 meschia.
1875 2909 1996 2942 Allora
