2290 3449
81 727 113 753 10

83 994 112 1019 15

70 1272 113 1302 20

71 1591 111 1622 25

69 1859 111 1889 30

69 2125 110 2156 35

72 2392 112 2422 40

72 2656 113 2689 45

500 195 671 232 GESTA
698 195 1002 232 MAGNIFICA
1031 196 1216 232 DOMUS
1245 196 1633 233 CARRARIENSIS
1913 200 1982 234 221

145 333 211 355 runt
230 338 259 355 se
278 331 304 354 et
324 331 473 360 utrumque
492 336 589 353 eorum
611 329 732 352 maiores
753 329 836 353 annis
857 329 965 361 viginti
985 329 1118 360 quinque,
1138 330 1166 352 et
1187 329 1355 360 juraverunt
1375 329 1458 352 ambo
1478 330 1511 353 ad
1534 331 1631 353 sancta
1652 331 1705 354 Dei
1725 331 1884 363 evangelia,
1904 332 1990 354 tactis

144 375 306 407 scripturis,
324 373 421 398 omnia
439 375 467 398 et
486 373 602 404 singula
621 374 787 405 supradicta
809 380 873 397 vera
893 380 952 397 esse
971 375 999 397 et
1018 380 1050 397 ea
1071 373 1216 396 attendere
1235 374 1262 396 et
1283 373 1433 396 observare
1452 376 1479 397 et
1501 382 1556 397 non
1580 376 1780 399 contravenire
1800 376 1916 400 racione
1939 376 1991 398 mi-

147 419 227 443 noris
245 419 332 443 etatis
353 418 399 442 vel
418 417 601 449 deceptionis
620 419 667 441 aut
688 417 819 441 beneficii
840 417 1038 441 restitucionis
1065 418 1095 440 in
1120 417 1262 447 integrum
1282 423 1331 440 seu
1349 417 1447 448 aliqua
1468 417 1526 440 alia
1546 419 1661 442 racione
1682 419 1725 442 ve]
1746 426 1838 442 causa.
1877 419 1990 443 Renun-

145 464 253 486 ciantes
274 470 357 494 super
376 462 433 486 hiis
454 461 589 485 omnibus
608 463 635 485 et
655 462 780 493 singulis
801 462 911 485 racioni
932 462 1054 484 minoris
1074 461 1170 488 etatis,
1185 460 1322 484 beneficio
1343 461 1541 484 restitucionis
1564 463 1591 484 in
1614 463 1756 494 integrum
1777 466 1804 486 et
1823 463 1992 494 excepcionl

146 507 208 531 doli
221 506 290 530 mali
316 507 343 530 et
363 506 394 530 in
416 506 520 529 sactum
546 507 574 530 et
593 505 762 529 condicioni
785 506 846 529 sine
866 512 949 529 causa
971 505 1014 528 vel
1035 512 1068 528 ex
1089 505 1205 528 iniuxta
1226 511 1310 528 causa
1324 506 1351 528 et
1365 506 1443 528 omni
1458 505 1651 534 simulationi,
1666 507 1832 537 dccepcioni
1848 508 1874 530 et
1891 507 1994 536 fraudi,

145 553 202 575 tam
221 553 297 575 circa
318 550 469 574 dimidiam
487 551 556 583 justi
578 551 667 582 precii
689 557 773 581 quam
793 550 878 580 ultra,
896 551 924 573 et
945 549 1079 573 omnibus
1106 549 1226 580 legibuS,
1256 550 1376 578 iuribus,
1402 549 1628 580 defensionibus,
1657 551 1749 574 literis
1774 554 1802 575 ct
1827 551 1992 583 privilegiis

144 596 304 629 impetratis
323 596 351 619 et
370 595 560 627 impetrandis
580 597 607 618 et
627 595 761 619 omnibus
782 595 900 618 statutis
921 596 947 617 et
967 593 1178 617 ordinamentis
1199 593 1284 617 factis
1304 595 1331 617 et
1351 601 1403 625 que
1423 594 1521 618 fierent
1535 595 1564 617 in
1589 598 1742 626 posterum,
1763 596 1798 619 ob
1818 603 1871 626 que
1890 597 1991 619 contra

144 641 272 672 predicta
291 640 336 664 vel
355 640 548 672 predictorum
569 639 678 670 aliquid
700 639 791 663 facere
811 639 856 662 vel
877 639 975 663 venire
995 640 1123 669 possent.
1161 636 1290 665 Quorum
1311 640 1438 662 omnium
1459 641 1486 662 et
1507 639 1629 663 aliorum
1650 640 1760 663 auxilia
1775 642 1858 672 pacto
1873 641 1990 672 speciali

143 685 313 708 remiserunt
332 684 423 708 eidem
445 684 563 707 Albrico
584 685 716 716 emptori,
739 684 763 707 si
783 683 816 707 de
835 683 875 706 eis
896 685 923 706 et
942 683 1069 714 ipsorum
1090 683 1218 713 quolibet
1239 683 1375 715 specialis
1394 684 1504 707 mentio
1526 683 1602 707 facta
1625 683 1708 708 foret.

231 728 260 753 S.
275 729 311 753 N.
325 728 386 759 Ego
400 728 579 756 Franciseus,
594 727 669 752 filius
683 727 844 754 Rambaldi‚
860 727 932 751 sacri
947 727 1054 758 palacii
1071 728 1211 757 notarius,
1224 727 1282 751 hiis
1297 728 1430 751 omnibus
1446 735 1560 759 presens
1575 728 1692 752 interfui
1708 730 1734 752 et
1750 730 1867 760 rogatus
1881 730 1991 760 scripsi.

231 817 292 849 Ego
311 817 458 846 Nicolaus,
476 817 563 850 judex
583 815 795 847 infrascriptus,
821 822 864 838 me
883 815 1039 847 subscripsi
1061 817 1089 838 et
1108 815 1249 839 ascultavi

231 862 292 893 Ego
310 861 474 892 mainerius,
495 862 633 890 notarim,
653 861 736 884 testis
755 866 787 884 ac
808 859 902 883 socius
923 860 1136 891 insrascriptus,
1156 868 1199 884 me
1219 861 1376 893 subscripsi
1398 863 1424 885 et
1445 862 1594 886 ascultavi.

232 907 260 932 S.
281 908 318 931 AV.
337 907 397 939 Ego
417 905 588 934 Bernardus,
607 905 678 929 olim
698 905 724 928 d.
744 902 822 927 Petri
843 904 950 936 judicis
970 905 1003 928 de
1023 904 1147 928 Casellis
1165 905 1250 935 filius,
1270 906 1343 929 civis
1363 905 1468 936 Padue‚
1489 906 1619 930 notarius
1640 906 1851 937 ultrascriptus,
1865 906 1991 929 existens

144 952 174 975 in
194 952 286 976 officio
305 952 502 983 ultrascripto,
524 957 617 974 coram
638 949 768 981 predicto
787 949 892 982 judice,
913 949 1092 980 presentibus
1118 951 1327 981 prenominatis
1354 951 1484 980 testibus,
1512 952 1634 975 notariis
1661 953 1687 975 et
1714 952 1801 975 sociis
1824 951 1858 974 ad
1884 950 1991 974 dictum

144 995 253 1020 discum
273 997 362 1020 Bovis
381 997 408 1020 et
427 996 503 1025 aliis,
524 994 596 1018 dicti
615 993 719 1027 judicis
739 994 817 1026 jussu
838 995 865 1017 et
885 993 1068 1023 auctoritate,
1089 995 1260 1018 statutorum
1282 995 1412 1019 comunis
1438 995 1532 1020 Padue
1559 996 1742 1019 solemnitate
1765 998 1794 1019 et
1820 996 1911 1019 forma
1936 1002 1991 1018 ser-

143 1042 217 1071 vata,
237 1041 463 1073 suprascriptum
483 1040 706 1063 instrumentum
726 1045 760 1061 ex
779 1038 927 1062 autentico
948 1040 1135 1070 suprascripti
1151 1039 1307 1069 Francisci,
1321 1040 1375 1064 filii
1394 1040 1545 1064 Ranibaldi
1561 1041 1678 1070 notarii,
1697 1040 1818 1064 fideliter
1832 1039 1992 1071 exemplavi

142 1087 284 1117 signoque
304 1092 365 1109 meo
385 1085 473 1109 solito
493 1082 638 1112 roboravi,
658 1082 700 1106 nil
720 1081 751 1106 in
771 1089 804 1105 eo
824 1082 931 1106 addens
951 1083 996 1106 vel
1023 1083 1163 1114 minuens,
1187 1085 1264 1116 quod
1289 1086 1464 1109 sententiam
1492 1087 1590 1116 mutet,
1617 1087 1749 1109 currente
1776 1092 1852 1109 anno
1880 1084 1989 1108 domini

140 1130 295 1155 millesimo
315 1129 514 1154 trecentesimo
534 1127 782 1159 quinquagesimo,
810 1126 960 1150 indicione
980 1127 1078 1155 tercia,
1104 1128 1150 1151 die
1180 1129 1291 1153 veneris
1320 1130 1459 1161 vigesimo
1485 1132 1566 1154 sexto
1593 1131 1697 1154 mensis
1722 1130 1892 1156 novembris,
1919 1129 1989 1159 regi-

145 1175 221 1198 mine
240 1175 396 1199 antedicto.

1327 1282 1540 1322 [Praemium
1565 1282 1709 1314 alterum
1726 1283 1759 1324 ¹].

1182 1378 1383 1421 Scripturus
1401 1380 1444 1411 de
1463 1380 1567 1421 gestis
1583 1380 1698 1412 herois
1715 1381 1747 1412 d.
1766 1381 1798 1412 d.
1816 1379 1994 1412 Francisci

1094 1433 1239 1465 senioris
1271 1434 1316 1465 de
1347 1433 1508 1465 Carraria
1540 1440 1745 1465 vetustatem
1771 1433 1997 1466 carrariensis

1094 1486 1295 1528 propaginis
1319 1486 1369 1526 (ut
1394 1487 1464 1518 feci
1487 1487 1646 1528 superius
1669 1487 1904 1527 mentionem),
1928 1497 1996 1529 qua

1094 1539 1230 1582 longius
1247 1538 1445 1576 adinvenio,
1461 1545 1605 1582 tangere
1623 1540 1799 1581 proposui,
1817 1546 1853 1572 ut
1866 1540 1997 1582 persul-

1093 1593 1212 1635 gidum
1230 1593 1417 1634 primorum
1441 1593 1483 1625 de
1508 1593 1670 1625 Carraria
1691 1593 1805 1625 lumen
1832 1594 1876 1624 ad
1900 1600 1995 1626 tante

1094 1646 1230 1678 virtutis
1242 1645 1415 1677 cumulum
1430 1647 1532 1678 etiam
1550 1646 1680 1688 aliquid
1697 1646 1894 1688 splendoris
1909 1646 1995 1678 adii-

1093 1698 1173 1738 ciat,
1202 1709 1269 1730 nec
1295 1699 1338 1730 ad
1362 1710 1475 1731 rerum
1500 1705 1639 1740 putetur
1662 1700 1804 1742 ignaros
1826 1705 1894 1731 tam
1926 1699 1994 1732 late

1093 1757 1215 1793 patens
1231 1758 1349 1794 totque
1373 1759 1451 1784 ante
1475 1752 1591 1783 secula
1616 1752 1777 1794 preclara
1802 1753 1994 1784 carrarien-

1093 1805 1178 1837 sium
1196 1805 1358 1837 nobilitas
1381 1816 1422 1836 ac
1440 1807 1597 1847 potentia
1620 1806 1689 1849 jam
1715 1806 1786 1848 jam
1811 1816 1903 1837 nunc
1921 1807 1996 1848 qui·-

1094 1858 1172 1890 dem
1197 1858 1327 1890 viribus
1351 1858 1559 1891 adulterata.
1598 1859 1732 1900 Scripsi
1758 1866 1793 1891 et
1807 1859 1909 1892 etiam
1928 1870 1994 1901 que

1095 1913 1138 1944 de
1163 1911 1442 1944 Carrariensibus
1466 1912 1501 1943 in
1525 1912 1677 1945 croniCis
1700 1912 1847 1954 reperio,
1875 1922 1993 1944 eorum

1093 1965 1226 1997 vellens
1243 1965 1412 2002 cronicas,
1430 1965 1478 1996 nil
1494 1965 1626 1997 addens
1643 1965 1917 2006 subtrahensque
1935 1976 1994 1998 ve-

1093 2019 1195 2057 ritati,
1214 2024 1322 2050 testes
1339 2018 1517 2051 adhibere.
1558 2018 1628 2051 Sed
1645 2025 1808 2061 quantum
1834 2021 1878 2051 de
1896 2020 1994 2052 nobi-

1092 2072 1183 2104 libus
1206 2072 1356 2113 antiquis
1380 2071 1424 2103 de
1448 2072 1619 2108 Carraria,
1643 2078 1679 2103 'lt
1705 2073 1781 2113 ipse
1805 2074 1995 2114 comperio,

1093 2128 1168 2168 ipsa
1180 2126 1391 2157 documenta
1405 2125 1513 2168 magis
1526 2135 1628 2167 quarn
1641 2126 1781 2157 cronice
1796 2125 1994 2168 loquuntur,

1093 2180 1270 2222 egregiam
1285 2179 1435 2220 ipsorum
1458 2184 1674 2217 vetustatem,
1698 2179 1757 2211 ubi
1773 2179 1900 2211 siluere
1918 2190 1994 2212 cro-

1094 2233 1182 2274 nice,
1200 2234 1267 2264 huc
1284 2243 1390 2275 usque
1409 2232 1626 2264 documentis
1641 2232 1846 2274 approbavi.
1891 2233 1993 2265 Nunc

1093 2293 1221 2323 autem,
1238 2296 1316 2317 cum
1334 2284 1378 2317 ad
1403 2295 1461 2317 eos
1484 2285 1636 2318 venerim
1662 2286 1706 2317 de
1723 2286 1896 2323 Carraria,
1912 2297 1995 2328 quo-

1094 2350 1168 2371 rum
1194 2339 1252 2370 alii
1284 2338 1429 2370 liberum
1463 2339 1614 2370 civitatis
1651 2338 1771 2370 Padue
1803 2340 1992 2371 dominium

1093 2393 1207 2425 adorti
1230 2399 1319 2430 sunt,
1343 2392 1411 2430 alii,
1436 2392 1500 2424 etsi
1532 2403 1601 2424 non
1625 2393 1761 2433 penitus
1792 2392 1993 2431 dominium,

1093 2448 1240 2480 maiores
1257 2448 1291 2478 in
1315 2447 1454 2479 civitate
1471 2452 1586 2478 tamen
1603 2446 1797 2488 proximum
1815 2447 1994 2479 obtinuere

1094 2501 1251 2545 gradum,
1265 2511 1411 2543 quorum
1421 2506 1518 2542 gesta
1530 2499 1698 2532 memorie
1713 2500 1887 2531 hominum
1902 2511 1994 2532 nunc

1095 2557 1197 2588 etiam
1214 2560 1291 2586 sunt
1307 2560 1461 2595 tempore
1478 2553 1621 2590 notiora,
1634 2552 1809 2594 prolixiori
1824 2553 1900 2584 stilo
1917 2563 1996 2595 pro-

1094 2610 1215 2641 cedam
1240 2606 1456 2640 documentis
1480 2607 1641 2638 cronicas
1664 2612 1697 2637 et
1714 2606 1864 2638 cronicis
1888 2607 1995 2638 docu-

1096 2669 1207 2694 menta
1221 2660 1475 2703 permiscendo,
1491 2660 1526 2690 in
1543 2659 1657 2696 nullis,
1674 2665 1712 2691 ut
1729 2660 1771 2690 de
1785 2659 1931 2702 singulis
1949 2659 1995 2690 le-

1093 2722 1205 2758 getur,
1218 2713 1370 2746 veritatis
1382 2712 1525 2745 orbitam
1537 2722 1750 2744 excessurus.
1767 2711 1919 2756 Primum
1933 2712 1995 2743 ita-

1094 2779 1160 2811 que
1173 2767 1235 2799 sibi
1250 2767 1403 2798 vindicet
1417 2765 1538 2801 locum,
1553 2766 1610 2807 qui
1623 2771 1746 2806 sponte
1761 2764 1826 2796 sibi
1841 2764 1990 2796 oblatum

1095 2820 1246 2853 civitatis
1270 2818 1390 2850 Padue
1415 2818 1604 2851 dominium
1636 2818 1766 2860 primus
1796 2817 1992 2859 occupavit.

236 2990 244 3006 ¹
263 2989 296 3013 In
316 2990 420 3014 merito
440 2996 456 3013 a
475 2990 576 3020 questo
596 2988 719 3012 secondo
740 2988 866 3020 prologo
885 2988 922 3014 cf.
936 2990 1044 3020 quanto
1099 2985 1113 3011 ὲ
1133 2988 1209 3010 stato
1229 2986 1310 3009 detto
1331 2984 1407 3009 nella
1428 2985 1592 3018 presazione
1612 2984 1669 3008 alla
1690 2985 1819 3015 presente
1838 2991 1969 3009 cronaca.
