2290 3449
312 218 379 251 234
660 215 827 250 GESTA
857 215 1161 250 MAGNIFICA
1189 214 1375 250 DOMUS
1405 215 1798 252 CARRARIENSIS

306 358 320 374 a
340 357 402 373 sero
424 348 567 378 Albertus,
586 349 634 379 qui
655 348 761 372 dicitur
780 347 942 381 §achonum
963 356 977 372 a
998 355 1074 372 nona
1094 348 1143 373 via
1162 348 1302 371 comunis.
1339 346 1418 376 Item,
1433 354 1518 372 unam
1539 348 1648 380 peciam
1668 351 1743 373 terre
1762 351 1790 373 et
1803 351 1876 375 prati
1891 350 1921 373 in
1936 351 2080 380 contrata,
2092 357 2146 382 que

306 394 412 417 dicitur
430 392 618 420 Predalmare,
638 399 800 423 camporum
821 394 942 423 quatuor
961 394 989 416 et
1008 392 1168 416 tabularum
1188 391 1389 423 quadraginta,
1412 392 1456 415 eui
1476 392 1590 416 coheret
1617 400 1632 416 a
1658 400 1738 417 mane
1761 393 1959 418 Manfredinus
1986 393 2105 423 Grotus,
2131 401 2147 418 a

308 438 441 462 nullhora
461 439 489 461 et
508 445 522 460 a
542 444 617 460 nona
637 436 749 460 Marcus
775 437 807 460 de
827 436 919 461 Viale.
954 436 1035 465 Item,
1061 445 1144 461 unam
1165 438 1274 468 peciam
1300 438 1374 460 terre
1393 436 1423 460 in
1448 438 1589 467 contrata,
1613 444 1665 468 que
1686 438 1793 462 dicitur
1812 437 2008 467 Gambararie,
2027 440 2148 469 quatuor

307 489 470 513 camporum
496 483 523 504 et
542 482 627 504 unius
653 481 768 512 pertice,
786 481 832 505 cui
851 481 965 505 coheret
985 489 999 505 a
1020 488 1100 505 mane
1119 481 1144 505 d.
1164 480 1331 513 Hengulfus,
1352 487 1367 504 a
1394 487 1455 504 sero
1482 480 1670 505 Nascimbene
1694 483 1722 506 et
1747 490 1762 506 a
1788 483 1921 507 nullhora
1948 482 2149 507 Manfredinus

308 526 423 551 Grotus.
462 526 540 554 Item,
561 533 646 550 unam
666 527 775 557 peciam
794 527 868 550 terre
890 527 919 550 in
940 528 1081 556 contrata,
1101 533 1154 557 que
1173 526 1282 550 dicitur
1300 525 1424 553 Ronchi,
1444 526 1529 549 unius
1550 527 1642 558 campi
1657 527 1684 550 et
1697 527 1782 551 unius
1799 528 1914 558 pertice,
1932 528 1978 551 cui
1998 528 2112 551 coheret
2131 535 2146 551 a

306 578 388 595 mane
400 570 600 594 Manfredinus
615 578 641 602 q.
654 571 823 600 Albertacii,
837 578 852 594 a
867 578 928 594 sero
942 571 1110 594 Dominicus
1129 578 1154 602 q.
1175 570 1320 594 Albertini
1336 572 1362 594 et
1376 577 1392 594 a
1407 570 1541 594 nullhora
1555 570 1603 594 vla
1620 571 1810 595 consorcium.
1841 572 1920 601 Item,
1934 579 2019 596 unam
2039 573 2149 603 peciam

306 617 379 639 terre
399 616 428 638 in
449 616 589 643 contrata,
610 622 661 646 que
680 615 787 639 dicitur
806 613 1000 643 GambararIe,
1019 615 1103 638 unius
1122 616 1212 646 campi
1236 622 1297 638 cum
1318 614 1449 643 dimidio,
1463 614 1509 638 cui
1522 614 1636 638 coheret
1657 622 1671 638 a
1687 622 1768 639 mane
1787 616 1814 640 d.
1826 615 2041 646 Nascimbenus,
2055 623 2071 640 a
2085 623 2148 640 sero

307 659 418 683 Rubeus
439 666 453 682 a
472 658 561 682 Puteo
580 660 608 683 et
628 667 642 683 a
662 659 796 683 nullhora
810 659 929 683 Perotus
943 666 968 690 q.
989 658 1117 683 Conradi
1138 659 1254 687 notarii,
1274 659 1348 690 quod
1367 658 1494 682 sedimen
1516 666 1578 682 cum
1597 658 1682 683 terris
1702 659 1849 684 laboratur
1868 667 1916 691 per
1935 660 2149 684 Mansredinum

308 712 332 735 q.
358 704 499 728 Manfrini
525 703 616 728 Rubei
642 704 785 728 reddendo
815 705 964 728 annuatim
990 705 1094 728 starios
1121 704 1298 736 vigintiocto
1326 704 1395 728 boni
1424 703 1569 731 frumenti,
1599 704 1710 727 solidos
1740 703 1846 735 viginti
1873 711 2034 736 parvorum,
2063 712 2149 729 unam

308 750 447 773 marcham
467 749 533 781 lini,
552 756 637 773 unam
657 749 777 781 spallam
798 749 831 773 de
857 756 952 781 porco,
979 755 1063 772 unam
1085 749 1235 780 sugaciam,
1254 756 1341 772 unum
1367 756 1503 781 anserem,
1523 756 1607 772 unam
1629 748 1779 781 gallinam,
1801 749 1949 773 duodecim
1969 757 2034 774 ova.
2070 750 2148 779 Item,

307 801 393 817 unum
412 794 549 824 sedimen,
566 795 661 827 jacens
681 794 711 818 in
732 793 892 823 Calcavisa,
911 795 998 817 trium
1020 794 1200 825 perticarum,
1213 794 1259 817 cui
1279 794 1395 818 coheret
1408 801 1422 817 a
1436 800 1498 817 sero
1519 794 1566 817 via
1585 793 1725 821 comunis,
1738 800 1755 818 a
1770 800 1846 817 nona
1859 793 1982 818 Michael
1997 802 2023 825 q.
2037 795 2149 819 Alberti

307 839 424 868 notarii,
442 845 458 862 a
477 845 559 862 mane
578 840 605 862 et
624 845 640 862 a
660 838 793 862 nullhora
814 838 840 862 d.
859 838 998 870 Hegulfus
1012 845 1114 862 comes.
1146 837 1224 865 Item,
1238 845 1322 862 unam
1337 839 1447 870 peciam
1461 840 1533 862 terre
1547 840 1574 863 et
1588 839 1663 870 prati
1679 838 1708 862 in
1723 837 1810 870 Spesa
1823 839 1909 862 unius
1923 840 2013 870 campi
2032 839 2148 863 duarum

307 884 477 915 perticarum
497 885 524 906 et
548 883 709 907 tabularum
729 882 927 914 quadraginta,
950 882 1063 906 coheret
1082 889 1098 906 a
1125 890 1205 906 mane
1232 884 1259 906 et
1278 890 1293 906 a
1321 889 1382 906 sero
1402 883 1551 906 Americus
1577 890 1602 914 q.
1623 882 1736 907 Alberti
1758 883 1880 911 notarii,
1900 890 1915 906 a
1935 883 2069 907 nullhora
2087 884 2150 916 jura

308 927 425 952 ecclesie
438 927 465 952 S.
485 927 595 952 Crucis.
631 927 710 955 Item,
722 934 808 951 unam
821 928 930 959 peciam
944 929 1018 951 terre
1031 928 1058 951 et
1072 927 1148 958 prati
1161 927 1191 951 in
1208 927 1288 951 Valle
1302 928 1389 951 trium
1405 935 1578 959 camporum,
1592 928 1716 959 perticas
1730 934 1778 951 sex
1792 929 1819 951 et
1832 927 1944 951 tabulas
1960 927 2152 961 viginthuin-

306 979 366 1003 que,
386 973 498 996 coheret
518 980 532 996 a
553 980 634 996 mane
652 972 767 996 heredes
786 980 812 1003 q.
833 971 983 996 Michaelis
1003 967 1036 995 de
1055 970 1227 1001 Gambione,
1247 979 1263 995 a
1281 979 1360 996 nona
1378 974 1406 996 et
1428 979 1443 996 a
1465 972 1599 996 nullhora
1617 974 1680 1006 jura
1699 972 1819 996 ecclesie
1837 971 1864 996 S.
1885 971 1986 996 Crucis
2005 974 2033 996 et
2053 980 2067 996 a
2088 979 2150 996 sero

305 1016 475 1041 Anthonius
495 1017 528 1041 de
547 1017 697 1041 Bardellis.
735 1017 814 1045 Item,
834 1023 920 1040 unam
940 1016 1049 1048 peciam
1070 1018 1142 1040 terre
1162 1018 1192 1040 in
1212 1015 1331 1040 Roncho
1352 1017 1468 1041 dimidii
1489 1018 1581 1049 campi
1598 1019 1626 1041 et
1639 1017 1801 1041 tabularum
1818 1017 1989 1048 quindecim,
2003 1016 2116 1041 coheret
2135 1025 2150 1041 a

308 1069 389 1085 mane
409 1063 455 1086 via
477 1063 606 1086 comunis
626 1063 653 1086 et
671 1068 688 1086 a
708 1068 770 1085 sero
791 1061 974 1085 Crescencius
994 1068 1020 1092 q.
1040 1061 1198 1093 Panigalis.
1226 1061 1306 1090 Item,
1325 1069 1409 1085 unam
1431 1062 1539 1094 peciam
1559 1064 1633 1086 terre
1653 1062 1682 1086 in
1698 1061 1776 1086 dicta
1797 1062 1930 1086 contrata
1949 1061 2034 1085 unlus
2048 1061 2149 1093 campi,

306 1107 477 1139 perticarum
497 1106 614 1130 duarum
630 1108 656 1131 et
676 1106 835 1130 tabularum
858 1106 964 1138 viginti
985 1107 1117 1137 quatuor,
1132 1106 1246 1130 coheret
1265 1113 1282 1130 a
1298 1113 1380 1130 mane
1397 1106 1424 1131 d.
1444 1106 1550 1135 Prima,
1573 1114 1588 1130 a
1607 1114 1683 1131 nona
1705 1106 1887 1131 Crescencius
1909 1106 1986 1130 faber
2005 1108 2033 1131 et
2053 1114 2067 1130 a
2088 1113 2151 1130 sero

308 1151 437 1184 Cnnotus
455 1159 482 1183 q.
502 1151 619 1175 Martini
640 1150 673 1175 de
693 1151 784 1174 Fusco
803 1152 831 1175 et
851 1158 865 1174 a
886 1150 1020 1174 nullhora
1039 1151 1087 1174 via
1107 1151 1246 1174 comunis.
1274 1151 1353 1181 Item,
1367 1158 1452 1175 unam
1466 1152 1575 1182 peciam
1595 1152 1668 1175 terre
1683 1151 1713 1175 in
1727 1151 1928 1175 Pevenderoso
1949 1152 2024 1183 prati
2038 1152 2066 1174 et
2079 1153 2151 1175 terre

307 1196 429 1226 quatuor
447 1202 611 1226 camporum
631 1196 804 1226 perticarum
823 1196 954 1226 quatuor,
973 1194 1133 1218 tabularum
1154 1194 1372 1227 quinquaginta,
1391 1195 1504 1219 coheret
1523 1202 1538 1219 a
1558 1202 1639 1219 mane
1658 1195 1774 1219 heredes
1793 1194 1883 1220 Rubei
1905 1196 1938 1219 de
1957 1195 2046 1227 Maca,
2058 1202 2074 1219 a
2088 1202 2151 1220 sero

307 1239 523 1264 Marcoardinus
543 1239 576 1263 de
595 1239 733 1267 Vinarda,
754 1247 768 1263 a
788 1239 923 1263 nullhora
942 1238 1103 1262 Almericus
1123 1246 1148 1270 q.
1168 1239 1281 1263 Alberti
1302 1239 1421 1263 notarii.
1457 1238 1535 1270 Item,
1557 1246 1614 1263 una
1633 1241 1742 1272 peciam
1763 1241 1837 1272 prati
1858 1241 1885 1263 et
1905 1241 1978 1264 terre
1996 1240 2026 1263 in
2046 1239 2152 1263 Peven-

307 1284 408 1308 deroso
428 1284 513 1308 unius
532 1285 634 1316 campi,
653 1284 813 1308 tabularum
828 1284 1056 1316 quinquaqunta
1076 1283 1208 1314 quinque,
1223 1284 1336 1308 coheret
1349 1292 1364 1308 a
1387 1291 1469 1307 mane
1483 1284 1682 1308 Mansredinus
1703 1284 1816 1316 Grotus,
1838 1291 1854 1308 a
1874 1291 1936 1308 sero
1956 1285 1981 1308 d.
1993 1283 2152 1316 Hengulfus

306 1336 400 1353 comes
413 1331 441 1353 et
460 1336 476 1353 a
497 1336 573 1353 nona
593 1329 663 1354 dicti
683 1330 832 1361 emptores.
860 1328 939 1357 Item,
958 1336 1044 1352 unam
1064 1329 1172 1360 pecIam
1186 1330 1261 1353 terre
1274 1336 1335 1353 cum
1349 1329 1473 1353 dimidio
1493 1329 1614 1353 duorum
1631 1336 1794 1361 camporum
1809 1331 1836 1354 et
1850 1329 2011 1353 tabularum
2030 1329 2153 1361 triginta

307 1374 401 1403 unius,
420 1373 533 1397 coheret
553 1381 568 1397 a
589 1380 670 1397 mane
689 1373 736 1397 via
755 1373 894 1402 comunis,
914 1381 928 1397 a
948 1380 1010 1397 sero
1030 1373 1163 1397 dominus
1182 1374 1210 1397 et
1228 1381 1242 1397 a
1264 1380 1340 1397 nona
1358 1373 1526 1397 Anthonius
1548 1373 1703 1398 Bardellus.
1740 1373 1818 1403 Item,
1838 1381 1923 1397 unam
1950 1374 2059 1405 peciam
2077 1374 2151 1398 terre

308 1419 337 1441 in
357 1417 503 1442 Pestarola
522 1418 655 1442 undeclm
676 1418 847 1450 perticarum
868 1419 895 1442 et
914 1417 1074 1441 tabularum
1096 1424 1207 1446 novem,
1227 1417 1341 1442 coheret
1359 1425 1375 1441 a
1394 1412 1475 1442 mane
1495 1417 1674 1447 Gumbertus,
1695 1426 1709 1442 a
1729 1425 1792 1442 sero
1812 1418 2018 1447 Mascharinus,
2037 1425 2053 1442 a
2074 1425 2151 1442 nona

307 1463 353 1486 via
374 1463 515 1486 comunis.
551 1462 631 1491 Item,
651 1469 737 1487 unam
757 1463 865 1495 peciam
880 1464 952 1486 terre
967 1463 997 1486 in
1012 1462 1192 1486 Brandolino
1213 1461 1334 1486 duorum
1353 1469 1526 1494 camporum,
1546 1470 1596 1486 sex
1615 1464 1787 1495 perticarum
1801 1465 1829 1487 et
1842 1462 2003 1487 tabularum
2018 1462 2151 1494 triginta,

307 1507 422 1531 coheret
439 1515 455 1531 a
475 1514 556 1531 mane
570 1507 752 1538 johanninus
772 1508 806 1531 de
824 1506 984 1536 Aichenda,
1004 1515 1018 1530 a
1033 1514 1096 1530 sero
1115 1506 1303 1530 Nascimbene
1322 1508 1350 1530 et
1369 1514 1385 1531 a
1405 1514 1482 1531 nona
1503 1508 1549 1531 via
1569 1507 1708 1531 comunis.
1745 1507 1823 1538 Item,
1844 1514 1929 1531 unam
1952 1507 2060 1539 peclam
2079 1509 2152 1531 terre

308 1553 336 1575 in
357 1552 435 1576 dicto
455 1552 518 1576 loco
538 1559 586 1575 sex
607 1553 787 1583 perticarum,
807 1552 921 1576 coheret
940 1559 954 1576 a
975 1551 1110 1575 nullhora
1130 1552 1177 1575 via
1195 1553 1335 1581 comunis,
1354 1559 1369 1576 a
1390 1559 1470 1576 mane
1488 1551 1653 1576 Sulimanus
1671 1554 1699 1576 et
1719 1559 1734 1576 a
1754 1559 1830 1576 nona
1849 1552 1964 1576 heredes
1978 1552 2004 1576 d.
2023 1551 2154 1585 (jenarie,

308 1597 383 1627 quod
405 1597 528 1620 sedimen
550 1603 612 1620 cum
631 1596 716 1620 terris
735 1596 883 1620 laboratur
902 1603 951 1627 per
968 1595 1156 1620 Nascimbene
1175 1603 1200 1627 q.
1220 1595 1302 1620 Melii
1323 1595 1356 1620 de
1375 1595 1508 1627 Frucerio
1528 1595 1673 1620 reddendo
1687 1597 1836 1620 annuatim
1856 1596 1979 1628 triginta
1992 1595 2049 1620 duo
2064 1597 2153 1619 staria

305 1640 376 1664 boni
391 1640 534 1671 frumenti,
554 1640 666 1665 solidos
686 1641 793 1672 viginti
815 1648 978 1672 parvorum,
998 1648 1082 1664 unam
1103 1640 1225 1672 spallam
1240 1640 1273 1664 de
1287 1647 1383 1672 porco,
1404 1648 1488 1664 unam
1505 1640 1656 1672 fugaciam,
1670 1648 1757 1665 unam
1777 1641 1918 1664 marcham
1931 1640 1965 1664 de
1979 1640 2051 1670 lino,
2064 1647 2153 1664 unum

308 1693 357 1716 par
377 1684 531 1717 pullorum,
550 1692 637 1709 unum
658 1692 792 1713 anserem,
807 1692 892 1709 unam
910 1685 1052 1717 gallinam
1067 1686 1094 1709 et
1108 1685 1258 1709 duodecim
1273 1692 1338 1709 ova.
1370 1685 1448 1713 Item,
1459 1692 1547 1709 unum
1561 1686 1687 1709 sedimen
1702 1685 1732 1709 in
1747 1686 1888 1715 contrata,
1901 1692 1954 1716 que
1967 1676 2155 1709 dicitur-Cal-

308 1731 413 1759 canisa,
432 1731 519 1754 trium
534 1731 707 1762 perticarum
721 1732 748 1754 et
761 1730 923 1754 tabularum
936 1731 1070 1761 quinque,
1090 1730 1137 1754 cui
1149 1730 1265 1754 coheret
1279 1737 1293 1753 a
1307 1737 1390 1753 mane
1403 1729 1450 1754 vla
1465 1730 1605 1761 comunis,
1621 1738 1635 1754 a
1649 1737 1712 1754 sero
1726 1732 1754 1754 et
1766 1737 1782 1754 a
1797 1729 1930 1753 nullhora
1944 1730 1971 1754 d.
1984 1729 2154 1761 Hengulsus.

307 1774 386 1803 Item,
406 1781 489 1798 unam
507 1775 616 1806 peciam
635 1776 708 1798 terre
728 1775 758 1798 in
778 1774 932 1807 Rubegana
952 1774 1039 1798 trium
1060 1781 1223 1806 camporum
1243 1775 1271 1798 et
1289 1774 1450 1798 tabularum
1470 1775 1602 1806 triginta,
1621 1776 1666 1798 cui
1682 1775 1795 1798 coheret
1809 1783 1823 1798 a
1842 1781 1924 1798 mane
1943 1775 1993 1798 via
2012 1773 2154 1802 comunis,

308 1826 324 1843 a
344 1819 477 1843 nullhora
496 1819 611 1843 heredes
630 1818 721 1843 Rubei
741 1820 873 1852 preconis
887 1821 915 1843 et
929 1827 944 1843 a
958 1826 1020 1843 sero
1031 1819 1045 1834 *
1058 1818 1071 1834 *
1086 1820 1108 1843 *.
1144 1818 1223 1850 Item,
1240 1825 1326 1843 unam
1340 1818 1447 1851 peciam
1467 1819 1543 1851 prati
1558 1820 1587 1842 in
1601 1819 1748 1843 Pevedoso
1761 1819 1921 1843 tabularum
1941 1819 2155 1851 quinquaginta

282 1868 285 1871 '
308 1865 435 1893 duarum,
455 1865 499 1888 cui
520 1864 635 1888 coheret
654 1872 670 1888 a
690 1871 771 1888 mane
796 1865 868 1888 dicti
888 1866 1038 1896 emptores,
1058 1871 1074 1888 a
1093 1870 1155 1888 sero
1176 1865 1311 1895 magister
1335 1864 1441 1893 Bonus,
1461 1871 1476 1888 a
1497 1871 1575 1888 nona
1595 1864 1642 1888 via
1662 1864 1801 1888 comunis.
1838 1863 1918 1892 item,
1939 1871 2023 1888 unam
2043 1864 2153 1895 peciam

309 1910 381 1932 terre
402 1910 429 1933 et
448 1909 525 1941 prati
544 1908 660 1932 dimidii
680 1910 773 1941 campi
795 1909 824 1932 in
845 1908 923 1932 dicta
942 1910 1075 1932 contrata
1095 1910 1122 1932 et
1148 1908 1309 1932 tabularum
1336 1909 1459 1940 triginta
1484 1909 1618 1940 quinque,
1636 1909 1681 1932 cui
1703 1909 1816 1932 coheret
1836 1916 1850 1932 a
1871 1915 1953 1932 mane
1973 1908 1998 1932 d.
2018 1907 2119 1937 Iolica,
2137 1915 2154 1932 a

307 1960 369 1977 sero
388 1953 504 1977 heredes
523 1952 688 1977 Marcoardi
707 1954 814 1977 notarii
835 1954 863 1977 et
883 1961 897 1977 a
917 1960 995 1977 nona
1017 1953 1044 1977 d.
1062 1952 1222 1985 Hengulfus
1242 1959 1344 1976 comes.
1380 1952 1460 1981 Item,
1478 1960 1562 1977 unam
1583 1953 1693 1985 peciam
1714 1955 1787 1976 terre
1807 1954 1837 1976 in
1857 1952 1931 1976 Brao
1945 1954 2030 1977 unius
2050 1952 2153 1984 campi,

309 1998 427 2021 duarum
448 1998 620 2029 perticarum
640 2000 668 2022 et
686 1998 848 2022 tabularum
869 1999 976 2030 viginti
997 1999 1128 2029 quatuor,
1142 1998 1254 2022 coheret
1269 2005 1283 2022 a
1298 2005 1378 2022 mane
1398 1997 1533 2022 Albertus
1552 2005 1578 2028 q.
1589 1997 1682 2027 Melii,
1695 2005 1711 2021 a
1731 2005 1793 2021 sero
1806 1997 1926 2021 Hercius
1939 2005 1964 2029 q.
1985 1997 2154 2029 Johannini,

310 2050 323 2065 a
345 2042 464 2066 meridie
483 2042 511 2066 d.
530 2042 702 2074 Hengulfus.
738 2043 817 2073 Item,
837 2049 922 2067 unam
943 2044 1051 2074 peciam
1071 2044 1145 2066 terre
1164 2043 1194 2066 in
1215 2041 1346 2068 Solarola
1359 2043 1479 2066 duorum
1494 2049 1666 2075 camporum,
1686 2043 1801 2066 coheret
1820 2050 1834 2066 a
1855 2049 1937 2066 mane
1956 2042 2005 2066 via
2015 2043 2155 2072 comunis,

309 2095 325 2110 a
345 2094 422 2111 nona
441 2088 469 2111 et
489 2095 503 2111 a
523 2094 587 2111 sero
609 2087 776 2112 Anthonius
795 2087 953 2112 Bardellus.
989 2088 1069 2118 Item,
1088 2095 1173 2112 unam
1187 2088 1296 2120 peciam
1309 2089 1382 2111 terre
1396 2088 1425 2111 in
1439 2088 1582 2115 contrata,
1596 2094 1648 2118 que
1662 2087 1768 2111 dicitur
1786 2087 1890 2115 Ruina,
1910 2087 1994 2111 unius
2015 2088 2107 2119 campi
2127 2088 2154 2111 et

310 2132 481 2162 perticarum
500 2132 659 2162 duodecim,
680 2132 793 2156 coheret
813 2140 828 2156 a
850 2140 912 2156 sero
932 2131 1039 2156 Melius
1058 2140 1085 2164 q.
1107 2131 1280 2161 Crescentii,
1302 2139 1316 2156 a
1337 2139 1418 2156 mane
1438 2131 1621 2163 Johanninus
1641 2139 1666 2163 q.
1687 2131 1851 2162 Marquardi
1871 2132 1899 2155 et
1919 2139 1934 2155 a
1953 2131 2088 2156 nullhora
2106 2132 2156 2155 via

309 2177 447 2200 comunIS.
483 2176 658 2207 Item,unam
677 2178 785 2209 peciam
806 2179 880 2201 terre
899 2177 929 2201 in
950 2176 1151 2209 Campolongo
1171 2176 1304 2200 undecim
1323 2176 1492 2208 perticarum
1513 2178 1540 2199 et
1558 2175 1719 2200 tabularum
1741 2176 1844 2207 decem,
1865 2175 1912 2200 cui
1931 2176 2044 2200 coheret
2063 2183 2155 2201 asero

308 2220 394 2245 Nassi
413 2229 439 2252 q.
457 2221 562 2249 Hercii,
580 2229 594 2245 a
614 2229 695 2245 mane
715 2221 741 2246 d.
760 2221 851 2245 Iolica
871 2223 899 2246 et
920 2229 934 2245 a
955 2221 1089 2245 nullhora
1109 2221 1210 2245 flumen
1230 2221 1395 2245 Bachionis.
1431 2220 1511 2249 Item,
1531 2227 1617 2244 unam
1637 2221 1747 2252 peclam
1768 2222 1842 2244 terre
1864 2221 1892 2244 in
1919 2220 1997 2244 dicta
2022 2222 2155 2245 contrata

309 2265 445 2289 tredecim
466 2265 645 2297 perticarum,
667 2266 713 2289 cui
733 2266 846 2290 coheret
864 2273 880 2290 a
901 2273 981 2289 mane
997 2266 1138 2296 Bariolus,
1157 2273 1174 2290 a
1193 2272 1256 2289 sero
1276 2265 1302 2289 d.
1321 2265 1412 2290 Iolica
1432 2266 1459 2289 et
1478 2272 1493 2288 a
1514 2272 1589 2289 nona
1609 2265 1657 2289 via
1671 2266 1810 2289 comunis.
1846 2265 1926 2294 Item.
1940 2272 2025 2289 unam
2045 2265 2154 2296 peciam

310 2313 382 2334 terre
402 2311 432 2334 in
453 2310 530 2334 dicta
549 2312 683 2335 contrata
701 2317 750 2334 sex
770 2311 942 2342 perticarum
962 2312 989 2335 et
1008 2311 1170 2335 tabularum
1184 2310 1383 2342 quadraginta,
1398 2310 1512 2334 coheret
1532 2317 1546 2333 a
1560 2316 1640 2333 mane
1654 2309 1778 2333 Michael
1797 2310 1953 2342 gastaldio,
1966 2318 1980 2334 a
2000 2317 2062 2334 sero
2071 2310 2154 2342 Joha-

310 2355 401 2378 nellus
420 2356 448 2379 et
468 2363 482 2378 a
503 2362 578 2379 nona
598 2356 646 2379 via
666 2355 805 2381 comunis.
840 2355 921 2384 Item,
941 2362 1027 2379 unam
1047 2357 1156 2388 peciam
1176 2357 1250 2379 terre
1263 2355 1293 2378 in
1307 2356 1448 2384 contrata,
1468 2361 1522 2385 que
1541 2354 1647 2378 dicitur
1667 2353 1799 2384 Cerchec,
1818 2354 1903 2378 unius
1923 2355 2014 2386 campi
2034 2357 2062 2379 et
2075 2354 2154 2379 tabu-

309 2399 399 2423 larum
419 2401 495 2427 octo,
515 2399 629 2423 coheret
649 2407 663 2423 a
684 2399 819 2423 nullhora
839 2401 886 2424 via
905 2401 1046 2429 comunis,
1066 2407 1081 2424 a
1102 2407 1183 2424 mane
1202 2399 1325 2423 Michael
1344 2398 1495 2430 gastaldio,
1515 2406 1530 2422 a
1550 2405 1612 2422 sero
1633 2397 1818 2422 Crescencius
1837 2399 1871 2422 de
1890 2398 2047 2422 Alchenda.
2074 2398 2155 2428 Item,

312 2451 395 2467 unam
416 2444 525 2476 peciam
545 2446 618 2468 terre
639 2445 667 2467 in
692 2443 830 2468 Praolino
850 2445 934 2468 unius
954 2445 1048 2476 campi
1067 2446 1095 2468 et
1114 2444 1274 2468 tabularum
1296 2450 1408 2471 novem,
1427 2444 1471 2466 cui
1497 2442 1611 2467 coheret
1629 2450 1645 2466 a
1665 2450 1747 2467 mane
1768 2444 1815 2467 via
1835 2444 2024 2471 consorcium,
2051 2450 2065 2467 a
2091 2450 2154 2467 sero

311 2488 520 2512 Nascimbonus
534 2495 559 2520 q.
579 2488 685 2517 Hercii,
704 2496 719 2512 a
740 2495 817 2513 nona
836 2490 884 2513 via
903 2489 1042 2513 comunis.
1079 2488 1158 2517 Item,
1178 2496 1262 2512 unam
1282 2488 1391 2520 peciam
1411 2488 1483 2511 terre
1505 2487 1536 2511 ln
1555 2489 1697 2518 contrata,
1723 2495 1775 2518 que
1795 2488 1902 2512 dicitur
1923 2486 2070 2516 Ronchue,
2089 2490 2154 2512 octo

311 2533 484 2565 perticarum
502 2535 529 2557 et
551 2533 712 2557 tabularum
740 2533 965 2564 quatuordecim,
990 2534 1105 2558 coheret
1125 2540 1141 2557 a
1167 2540 1249 2557 mane
1274 2532 1345 2556 dicti
1371 2533 1522 2564 emptores,
1549 2540 1563 2555 a
1589 2539 1651 2556 sero
1677 2533 1703 2556 d.
1730 2532 1948 2556 Bertholomeus
1976 2534 2004 2557 et
2033 2540 2047 2557 a
2077 2540 2154 2557 nona

312 2579 393 2608 prata
412 2578 446 2601 de
465 2577 558 2602 Riale.
594 2577 674 2606 Item,
693 2585 778 2602 unam
799 2579 908 2611 peciam
927 2579 1010 2607 terre.
1030 2585 1083 2609 que
1103 2578 1210 2603 dicitur
1229 2577 1340 2606 Frasca,
1357 2584 1458 2601 novem
1479 2577 1650 2610 perticarum
1665 2579 1692 2601 et
1712 2577 1874 2601 tabularum
1895 2577 2004 2609 viginti
2023 2578 2154 2609 quatuor,

311 2622 425 2645 coheret
445 2629 459 2645 a
480 2629 561 2646 mane
580 2623 628 2646 via
648 2623 839 2651 consorcium,
859 2629 874 2646 a
893 2629 955 2646 sero
975 2622 1147 2646 Dominicus
1173 2621 1325 2655 Machucus
1345 2623 1373 2645 et
1392 2629 1407 2645 a
1427 2627 1504 2645 nona
1523 2621 1657 2645 Michael.
1694 2621 1774 2650 Item,
1794 2629 1878 2645 unam
1898 2622 2008 2654 peciam
2029 2623 2104 2645 terre
2123 2622 2152 2645 in

313 2665 444 2698 Vancolo
470 2668 556 2690 unius
582 2669 684 2699 campi,
705 2669 771 2692 octo
797 2667 968 2699 perticarum
995 2669 1023 2691 et
1048 2667 1209 2691 tabularum
1236 2666 1427 2698 quadraginta
1452 2666 1586 2697 quinque,
1612 2667 1724 2690 coheret
1752 2672 1768 2689 a
1788 2666 1897 2690 duabus
1925 2666 2055 2698 partibus
2082 2665 2154 2690 dicti

312 2713 463 2742 emptores.
496 2711 576 2739 Item,
595 2719 680 2736 unam
700 2712 780 2744 pecia
800 2714 872 2736 terre
893 2713 922 2736 in
943 2714 1083 2741 contrata,
1097 2719 1150 2743 que
1164 2711 1270 2735 dicitur
1283 2710 1469 2739 Predelmare,
1482 2711 1567 2734 unius
1581 2711 1683 2743 campi,
1697 2712 1782 2735 unius
1797 2710 1915 2743 pertice,
1928 2710 2088 2734 tabularum
2103 2711 2153 2735 tri-

310 2756 402 2787 ginta,
422 2756 535 2780 coheret
549 2763 566 2780 a
585 2764 666 2780 mane
681 2756 835 2785 Guidotus,
854 2764 870 2781 a
890 2764 952 2780 sero
971 2756 1087 2780 heredes
1106 2764 1132 2788 q.
1151 2755 1327 2785 Pertimasii,
1341 2763 1357 2778 a
1378 2762 1453 2778 nona
1474 2755 1544 2779 dicti
1559 2756 1710 2788 emptores
1748 2755 1830 2786 Item,
1844 2762 1933 2779 -unam
1952 2756 2061 2788 peciam
2081 2757 2155 2779 terre

315 2801 343 2823 in
364 2802 504 2829 contrata,
524 2807 576 2831 que
596 2801 703 2824 dicitur
721 2801 845 2831 Rlalcio,
863 2801 949 2824 unius
963 2801 1046 2825 tercii
1059 2800 1163 2832 campi,
1182 2799 1295 2824 coheret
1314 2806 1331 2823 a
1350 2806 1432 2822 mane
1452 2799 1584 2823 Bettinus
1604 2800 1637 2823 de
1656 2799 1754 2828 Lucia,
1772 2807 1787 2823 a
1807 2806 1869 2823 sero
1889 2799 2072 2823 Bonushomo
2091 2801 2120 2823 et
2139 2806 2154 2823 a

314 2851 388 2868 nona
408 2845 616 2869 Mascharinus.
654 2845 733 2874 Item,
753 2852 837 2869 unam
858 2845 966 2877 peciam
987 2847 1060 2869 terre
1080 2846 1109 2869 in
1130 2844 1213 2869 Valle
1232 2844 1346 2868 dimidii
1368 2845 1460 2875 campi
1479 2846 1507 2868 et
1527 2843 1645 2868 duarum
1666 2844 1836 2872 tabularum,
1856 2844 1972 2868 coheret
1992 2851 2007 2868 a
2027 2850 2109 2868 mane
2127 2844 2155 2868 d.

313 2889 480 2921 liengulfus,
500 2897 514 2913 a
534 2896 596 2914 sero
616 2890 749 2918 Belletus,
769 2891 816 2921 qui
838 2890 945 2913 dicitur
959 2889 1101 2923 C‚achone,
1115 2891 1142 2913 et
1162 2897 1176 2914 a
1197 2889 1331 2913 nullhora
1350 2888 1522 2912 Dominicus
1541 2896 1567 2919 q.
1590 2888 1719 2912 Martini.
1756 2888 1835 2916 Item,
1847 2896 1930 2912 unam
1952 2889 2060 2920 peciam
2081 2890 2154 2912 terre

312 2934 341 2956 in
363 2933 439 2957 dicta
459 2936 600 2963 contrata,
619 2942 672 2965 que
691 2934 799 2958 dicitur
818 2933 966 2964 Praolino,
981 2934 1100 2958 duorum
1121 2941 1285 2966 camporum
1299 2934 1326 2956 et
1344 2933 1430 2957 unlus
1444 2934 1551 2964 pertice
1565 2935 1592 2957 et
1607 2933 1767 2957 tabularum
1782 2934 1896 2965 septem,
1911 2933 2025 2957 coheret
2044 2940 2058 2957 a
2072 2939 2154 2956 mane

314 2979 341 3000 et
361 2984 422 3001 sero
443 2978 564 3002 Michael
585 2986 610 3010 q.
630 2979 789 3003 Crescencii
811 2980 864 3003 eta
884 2986 961 3003 nona
981 2979 1117 3003 Albertus
1131 2985 1157 3010 q.
1171 2977 1250 3002 Meni
1265 2979 1322 3002 eta
1337 2977 1470 3001 nullhora
1486 2978 1532 3002 via
1553 2979 1690 3002 comunis.
1720 2978 1800 3007 Item,
1813 2985 1899 3002 unam
1913 2978 2021 3009 peciam
2035 2979 2109 3001 terre
2123 2978 2151 3000 in

2183 748 2215 774 lO

2184 970 2215 996 15

2180 1192 2217 1219 20

2181 1415 2216 1442 25

2183 1637 2218 1664 30

2182 1860 2217 1887 35

2186 2084 2220 2111 40

2185 2307 2218 2334 45

2184 2530 2219 2558 50

2183 2974 2218 3000 60
