2290 3449
78 917 114 947 10

79 1182 115 1214 15

76 1450 116 1480 20

77 1771 117 1801 25

76 2360 115 2390 35

71 2636 110 2665 40

73 2945 113 2974 45

493 197 669 232 GESTA
697 168 1002 232 MAGNIFICA
1031 196 1214 231 DOMUS
1245 195 1635 232 CARRARIENSIS
1911 196 1984 236 277

139 329 246 360 millia
269 329 395 360 fiorini.
442 329 501 360 Ma
525 340 570 360 no
594 329 716 360 siando
740 334 902 370 possente
926 328 1044 360 Xicho
1069 329 1102 359 al
1133 328 1219 360 ditto
1249 334 1472 369 pagamento,
1506 329 1537 359 el
1569 328 1683 359 vende
1717 330 1749 360 el
1780 329 1926 361 Covollo
1957 329 1990 360 al

138 382 326 413 sovraditto
351 383 537 424 magnifico
559 383 704 425 Jacomo
728 393 792 424 per
815 381 931 423 quella
955 381 1122 423 quantita,
1146 381 1180 412 la
1204 381 1284 424 qual
1316 380 1403 412 have
1435 381 1681 423 Hengelmaro.
1730 382 1774 414 Et
1797 381 1870 414 cosi
1893 382 1987 414 Xico

139 435 177 465 fo
203 434 309 466 libera
333 435 427 466 dalla
451 445 588 476 preson.

227 541 301 575 209.
327 542 430 583 [loq.
457 560 497 564 ——
521 542 561 573 In
591 541 671 584 quel
696 552 800 579 anno,
827 541 889 583 ςοὲ
913 541 1006 572 mille
1031 546 1182 572 tresento
1214 541 1444 582 quarantasei,
1477 542 1639 582 Franeon
1671 541 1705 573 di
1738 541 1855 578 Confi,
1883 541 1987 572 citain

139 605 263 635 pavan,
288 601 461 627 convento
486 595 579 626 della
602 595 830 626 coniuracion
855 595 897 625 de
925 594 1022 635 quini
1049 595 1093 625 da
1118 593 1234 635 Loqqo
1260 600 1382 625 contra
1406 594 1438 625 el
1455 594 1666 635 magnificho
1682 594 1827 636 Jacomo
1846 595 1889 626 da
1907 592 1990 625 Car-

140 659 230 685 rara,
254 659 316 690 per
339 649 519 681 sentencia
544 648 601 680 del
626 647 771 689 podest&
794 648 831 679 fo
857 646 1032 689 decapita.

227 756 302 788 210.
329 755 430 797 [1651.
457 773 498 778 ——
521 755 573 787 La
597 755 691 786 clara
716 755 833 786 donna
857 753 1030 786 madonna
1063 754 1211 786 Isabella
1244 754 1302 786 dal
1333 754 1470 793 Flesco,
1502 754 1609 785 moier
1634 755 1676 785 de
1709 766 1820 786 meser
1854 754 1988 786 Luchin

140 808 319 846 Viseonte,
343 809 466 840 siando
491 809 597 850 longo
622 814 739 849 tempo
764 813 815 839 sta
839 818 943 848 501103
966 808 1046 845 fioli‚
1070 809 1158 839 have
1183 807 1217 838 in
1242 818 1289 839 un
1313 813 1412 849 parto
1431 809 1476 838 du
1495 808 1574 846 fioli,
1599 808 1691 838 unde
1709 818 1770 849 per
1788 808 1878 839 vodo
1895 807 1928 838 la
1951 818 1987 838 se

140 863 288 904 despose
312 862 357 894 (10
381 863 498 894 visitar
521 863 555 893 13
578 863 700 905 ghiesa
724 863 768 894 de
793 862 864 894 San
889 861 1010 894 Marco
1035 863 1080 893 da
1097 861 1252 893 Vinesia.
1291 862 1405 900 Unde,
1424 862 1600 903 vignando
1619 862 1664 892 da
1681 862 1791 893 Milan
1810 873 1829 892 a
1846 861 1989 892 Verona

140 923 173 948 et
198 917 242 948 de
269 916 293 948 11
317 927 337 947 3
362 916 520 957 Vigenqa
544 921 578 948 et
603 916 645 948 de
670 916 692 947 11
709 916 928 948 debiandose
946 916 1090 958 partire,
1106 916 1137 947 el
1156 916 1342 958 magnifico
1367 915 1535 958 Jacomin‚
1560 915 1710 947 fradello
1728 916 1785 947 del
1803 915 1989 956 magnifico

138 970 284 1012 Jacomo
309 970 354 1001 da
379 968 540 1007 Carrara,
564 969 598 1000 ie
622 970 713 1001 ando
746 969 908 1001 incontra
939 969 996 1001 del
1029 969 1170 1001 conseio
1202 969 1259 1000 del
1286 969 1373 1000 ditto
1397 980 1436 1000 so
1461 968 1613 1000 fradello
1646 968 1714 999 fino
1741 968 1771 999 ai
1804 968 1917 1000 confin
1947 967 1991 999 de

141 1023 308 1064 Vigenqa.
354 1022 400 1054 Et
423 1023 597 1054 nodemen
622 1022 653 1055 el
676 1023 765 1054 ditto
788 1022 973 1064 magnifico
999 1022 1144 1064 Jacomo
1167 1032 1212 1054 no
1238 1023 1339 1064 longe
1365 1028 1490 1063 troppo
1515 1022 1559 1052 da
1584 1022 1677 1052 Pava
1701 1031 1738 1052 se
1767 1021 1813 1052 se'
1831 1021 1989 1052 incontra

140 1076 208 1108 alla
232 1077 321 1108 ditta
345 1076 494 1108 madona
518 1075 667 1107 Isabella
692 1083 726 1107 et
751 1076 945 1107 chavalcho
970 1086 1034 1108 con
1061 1075 1138 1107 0113.
1187 1075 1237 1107 La
1261 1075 1341 1117 qual
1367 1086 1386 1106 3
1410 1085 1469 1106 500
1493 1074 1679 1117 preghiere
1704 1073 1885 1106 desmonto
1903 1074 1938 1104 in
1958 1074 1990 1105 lo

139 1128 262 1171 palaoo
289 1128 379 1160 della
403 1139 463 1160 soa
487 1135 600 1164 corte;
626 1129 659 1160 13
685 1130 786 1171 quale
811 1129 844 1160 13
867 1129 1053 1171 magnifica
1078 1129 1227 1160 madona
1247 1129 1446 1170 Constan9a
1465 1129 1508 1160 da
1533 1128 1680 1159 Polenta
1697 1127 1986 1159 100ον0110ηοτο-

141 1182 327 1214 volmente.
374 1181 418 1214 Et
441 1182 465 1214 11
490 1182 656 1214 continuo
680 1182 727 1214 se’
753 1189 849 1214 corte
873 1183 1037 1224 generale
1070 1181 1113 1213 de
1139 1181 1265 1213 nobele
1289 1182 1407 1213 donne
1432 1187 1467 1212 et
1491 1181 1524 1212 di
1551 1180 1740 1212 chavnlieri
1774 1180 1865 1212 della
1897 1187 1990 1212 terra

142 1247 210 1268 con
233 1245 335 1277 spesa
359 1236 403 1267 de
427 1235 619 1267 desemillia
642 1235 753 1268 fiorini
778 1241 813 1267 et
836 1235 905 1277 piu.
951 1235 1003 1267 La
1027 1235 1107 1277 qual
1131 1235 1249 1267 donna
1273 1235 1485 1276 partandose
1511 1235 1554 1265 da
1580 1234 1685 1272 pava,
1709 1234 1740 1264 el
1759 1234 1843 1265 ditto
1860 1234 1990 1275 magni-

141 1290 208 1321 fico
232 1289 379 1332 Jacomo
403 1288 625 1332 acompagno
651 1289 696 1320 fin
714 1300 733 1320 a
751 1288 874 1320 Santto
898 1288 1014 1320 llario.
1060 1289 1114 1319 Da
1138 1288 1159 1319 11
1184 1289 1217 1319 in
1242 1287 1276 1319 la
1300 1287 1354 1329 po‘
1380 1288 1447 1319 fina
1471 1298 1491 1318 a
1514 1287 1658 1319 Vinesia
1683 1288 1884 1324 Francisco,
1909 1286 1989 1318 fiolo

144 1343 202 1374 del
226 1343 314 1374 <litto
331 1342 516 1385 magnifico
533 1342 691 1384 Jacomo,
716 1343 748 1373 13
773 1342 1004 1384 acompagno,
1030 1348 1064 1373 et
1089 1342 1111 1372 li
1134 1342 1169 1372 in
1195 1341 1341 1373 Vinesia
1365 1347 1469 1373 tenne
1489 1347 1584 1372 corte
1601 1341 1776 1382 generale.
1824 1340 1991 1371 Tornada

142 1396 188 1427 da
212 1395 266 1436 po'
290 1405 311 1426 a
334 1394 440 1432 Pam,
465 1395 499 1425 la
522 1395 610 1426 ditta
635 1396 785 1427 mationa
810 1395 970 1431 IsabeHa,
994 1394 1211 1426 simeimente
1235 1393 1501 1436 acompagnada
1526 1393 1584 1424 dai
1617 1393 1693 1424 ditti
1718 1392 1890 1435 magnifici
1923 1393 1992 1423 fra·

143 1448 225 1481 delli
251 1448 396 1491 Jacomo
420 1454 455 1480 et
486 1448 645 1490 Jacomin
671 1448 714 1479 da
745 1448 905 1486 Carrara,
935 1447 1104 1479 cavalcho
1137 1458 1236 1479 verso
1265 1446 1434 1488 Viqenoa.
1481 1446 1525 1478 Et
1550 1447 1587 1478 fo
1612 1446 1643 1477 10
1669 1446 1818 1488 preditte
1851 1456 1932 1477 cose
1955 1445 1991 1477 in

142 1502 237 1534 mille
262 1507 414 1533 tresento
439 1507 608 1545 quaranta
631 1507 741 1544 septe.

230 1609 305 1640 212.
333 1608 433 1650 [1661.
460 1626 502 1634 .——
525 1608 579 1640 En
603 1608 683 1650 quel
709 1618 813 1645 anno,
846 1608 903 1640 del
934 1618 1026 1640 mese
1060 1607 1215 1646 d'avrile‚
1247 1608 1259 1638 i
1293 1607 1492 1639 ambaxaori
1525 1607 1582 1638 del
1615 1617 1651 1638 re
1683 1607 1725 1638 (10
1757 1605 1948 1648 Hongaria‚
1980 1605 1992 1636 i

141 1662 235 1704 quali
259 1662 398 1694 andava
421 1662 491 1693 alla
515 1662 668 1704 Aquilla,
693 1661 762 1693 cita
779 1662 822 1693 de
840 1661 996 1702 Abruoo,
1014 1668 1060 1698 et,
1077 1661 1133 1693 del
1151 1672 1243 1692 mese
1262 1661 1305 1692 de
1323 1660 1405 1696 lui0‚
1420 1661 1451 1692 el
1470 1660 1575 1692 daltin
1592 1661 1634 1691 de
1652 1659 1802 1696 Vienna,
1819 1659 1993 1691 tornando

143 1715 221 1748 dale
246 1715 370 1755 Smire,
396 1716 432 1748 fo
457 1726 476 1746 a
500 1715 605 1749 Pava.
652 1716 666 1747 1
691 1716 772 1757 qual
797 1715 872 1746 tutti
897 1715 928 1746 01
954 1715 1138 1756 magnifico
1162 1715 1307 1757 Jacomo
1333 1715 1378 1746 da
1402 1714 1550 1746 Carrara
1567 1713 1777 1756 magnificha
1794 1718 1829 1744 et
1845 1713 1992 1744 honore—

143 1769 320 1801 volmente
345 1769 449 1801 tratto
473 1775 507 1800 et
531 1779 597 1801 con
622 1779 706 1811 gran
730 1779 843 1811 spese.
1893 1758 1895 1761 ’

230 1877 305 1909 212.
332 1877 434 1918 [167].
460 1895 501 1899 -
527 1875 663 1914 Questo
687 1876 706 1908 ὲ
737 1887 783 1908 un
808 1877 966 1917 exemplo
991 1877 1034 1908 de
1060 1887 1103 1907 un
1137 1876 1323 1918 privilegio
1355 1876 1413 1907 del
1445 1875 1663 1906 serenissimo
1696 1880 1730 1906 et
1761 1873 1992 1906 invictissimo

143 1931 304 1973 principo
329 1941 440 1962 meser
464 1930 585 1967 Karlo‚
609 1941 674 1972 per
696 1931 730 1961 13
752 1930 863 1973 gratia
887 1930 931 1961 (10
955 1930 1021 1961 Dio
1045 1941 1083 1961 re
1116 1930 1149 1961 di
1178 1929 1329 1962 Romani
1352 1940 1488 1971 sempre
1517 1927 1676 1971 Augusto
1709 1934 1743 1959 et
1772 1939 1809 1959 re
1829 1919 1868 1959 'di
1901 1927 1990 1958 Boe-

141 1985 219 2022 mia,
244 1984 368 2016 robora
393 1984 450 2016 del
474 1994 513 2015 so
537 1984 661 2026 sige-llo
686 1985 728 2014 de
754 1994 835 2015 cera
859 1983 1034 2025 pendante
1051 1984 1096 2015 ad
1113 1994 1179 2014 una
1204 1982 1360 2015 cordella
1385 1983 1428 2014 de
1445 1983 1529 2014 seda
1547 1983 1590 2014 de
1609 1981 1708 2013 color
1725 1991 1821 2013 rosso
1839 1987 1873 2013 et
1892 1990 1991 2021 oano,

142 2038 317 2070 habiando
343 2039 375 2069 in
402 2038 535 2070 circulo
560 2034 690 2081 queste
708 2038 831 2070 letere:
859 2038 880 2079 †
904 2037 1055 2069 Karolns
1079 2037 1150 2069 Dea·
1166 2038 1295 2079 gracia
1315 2037 1547 2068 Romanormn
1573 2047 1634 2068 rex
1648 2039 1783 2078 semper
1809 2035 1989 2076 Augustus

143 2096 174 2123 ct
196 2092 334 2123 Bnemic
359 2103 429 2131 rex,
454 2098 489 2124 et
511 2093 547 2124 in
572 2093 606 2123 10
632 2102 755 2133 campo
780 2092 826 2123 ha
848 2092 1009 2133 scolpida
1035 2091 1066 2122 la
1090 2092 1239 2135 imagine
1257 2091 1315 2123 del
1331 2091 1486 2132 preditto
1503 2101 1615 2122 meser
1639 2089 1750 2121 Karlo
1766 2100 1813 2126 re,
1831 2087 1989 2120 sedando

141 2157 179 2177 su
204 2147 237 2177 13
261 2157 342 2188 5003
366 2147 461 2183 τῐ310,
485 2152 518 2177 et
542 2146 586 2177 ha
614 2146 648 2177 in
673 2156 761 2178 cavo
784 2146 817 2177 13
841 2145 1002 2177 diadema
1033 2145 1118 2176 riale
1143 2151 1177 2177 et
1201 2145 1236 2176 in
1261 2145 1295 2176 13
1319 2155 1399 2176 man
1424 2145 1543 2176 dextra
1568 2150 1708 2185 sceptro
1737 2154 1804 2174 con
1827 2142 1861 2173 13
1886 2151 1985 2174 crose

142 2200 185 2231 de
209 2210 321 2237 sovra,
346 2206 380 2231 et
403 2199 572 2241 tignando
598 2199 633 2230 in
657 2199 689 2230 la
713 2209 811 2230 mano
834 2205 990 2230 senestra
1022 2210 1066 2229 un
1100 2209 1202 2239 pomo
1233 2199 1367 2230 reondo
1399 2208 1464 2230 con
1495 2198 1528 2229 13
1562 2207 1660 2229 crose
1686 2203 1784 2238 posta
1809 2196 1853 2227 de
1878 2205 1990 2229 sovra.

141 2258 175 2283 et
199 2264 319 2293 presso
344 2253 412 2284 3113
436 2263 516 2293 5003
540 2253 598 2284 (131
622 2253 665 2284 la’
691 2253 813 2284 drecto
838 2263 898 2283 era
921 2263 968 2283 un
992 2253 1100 2283 scudo
1126 2252 1240 2293 piqoio
1265 2262 1332 2283 con
1365 2252 1396 2282 la
1429 2251 1547 2293 aquila
1578 2250 1772 2292 imperiale,
1804 2255 1840 2280 et
1866 2248 1921 2280 (131
1947 2248 1990 2279 13’

142 2313 297 2338 senestro
323 2307 413 2338 dena
440 2307 534 2338 dicta
558 2317 638 2346 5003
663 2317 721 2337 era
745 2317 789 2337 un
815 2307 906 2338 altro
930 2306 1040 2338 scudo
1066 2306 1181 2347 piqolo
1206 2316 1273 2337 con
1297 2316 1343 2336 un
1369 2305 1479 2343 leone,
1508 2305 1684 2336 habiando
1710 2305 1742 2335 13
1767 2304 1857 2334 00(13
1882 2302 1990 2334 bifor-

142 2361 242 2396 cada,
265 2371 310 2391 no
334 2367 469 2402 guasto,
495 2370 537 2391 no
561 2370 649 2396 raso,
674 2370 718 2390 no
737 2359 954 2395 canceilado,
978 2357 1019 2389 ne
1036 2359 1175 2390 viciado
1190 2359 1226 2389 in
1244 2359 1369 2400 alguna
1389 2368 1449 2390 503
1465 2363 1575 2400 parte,
1592 2368 1647 2388 ma
1665 2356 1797 2398 scripto
1814 2357 1849 2388 in
1867 2361 1990 2398 questo

139 2415 252 2445 modo.
283 2413 325 2445 El
338 2414 419 2455 qual
432 2414 616 2455 privilegio
634 2413 665 2443 01
681 2413 915 2454 sovrascripto
933 2412 1036 2444 Karlo
1091 2411 1197 2449 Quod
1221 2412 1443 2454 privilegium
1474 2410 1694 2453 supradictus
1714 2410 1859 2442 Carolus
1883 2409 1990 2450 impe-

139 2468 337 2509 imperador
361 2478 404 2498 no
422 2467 612 2497 solamente
631 2465 785 2499 concede
801 2466 833 2497 31
850 2465 1036 2508 magnifico
1089 2472 1187 2496 rator
1210 2475 1278 2496 non
1302 2464 1411 2496 solum
1433 2464 1577 2496 indulsit
1594 2464 1780 2506 magnifico
1799 2462 1929 2494 Iacobo
1945 2462 1988 2493 de

140 2521 279 2552 Iacomo
302 2521 347 2552 da
370 2520 530 2556 carrara,
555 2529 610 2550 ma
633 2520 667 2550 in
684 2519 718 2550 lo
742 2520 828 2551 ditto
853 2518 1036 2560 privilegio
1090 2519 1263 2556 Carraria,
1287 2519 1349 2549 sed
1373 2518 1407 2548 in
1433 2517 1557 2549 eodem
1581 2516 1766 2559 privilegio
1789 2515 1934 2547 inseruit
1957 2521 1990 2547 et

138 2573 269 2605 incluse
287 2579 320 2604 et
337 2573 470 2604 ratifico
486 2573 563 2604 tuni
581 2573 590 2603 i
615 2572 693 2603 altri
713 2572 899 2615 privilegii,
916 2572 1035 2613 scripti
1090 2571 1276 2603 ratificavit
1297 2571 1366 2602 alia
1389 2571 1504 2603 omnia
1527 2569 1711 2612 privilegia
1729 2579 1807 2601 meo
1830 2569 1866 2600 in
1882 2579 1989 2610 opere

140 2628 174 2657 in
202 2629 232 2658 13
257 2628 325 2658 mia
349 2638 443 2663 ovra,
468 2627 523 2658 dai
548 2626 656 2668 antigi
681 2625 892 2667 imperadori
910 2635 1032 2657 conce·
1090 2625 1220 2666 scripta
1253 2625 1297 2656 ab
1335 2624 1486 2666 antiquis
1516 2623 1782 2665 imperatoribus
1816 2622 1989 2654 nobilibus

139 2681 222 2712 dudi
245 2681 278 2712 ai
300 2680 500 2722 magnifichi
525 2680 570 2711 da
593 2679 741 2711 Carrara
760 2690 822 2720 per
837 2680 848 2710 i
865 2689 903 2711 so
920 2679 1035 2710 meriti
1089 2677 1301 2719 supradictis
1332 2678 1376 2709 de
1406 2676 1568 2709 Carraria
1596 2677 1666 2708 suis
1690 2683 1724 2708 et
1748 2685 1986 2717 precessorum

140 2740 175 2765 et
199 2734 233 2765 di
257 2734 308 2766 soi
332 2734 536 2776 precessori.
1092 2731 1222 2762 meritis
1244 2731 1391 2763 indulta.

230 2839 302 2869 213.
327 2857 370 2861 —
394 2839 517 2870 Forma
544 2838 598 2868 (101
625 2837 818 2880 privilegio,
843 2848 903 2878 per
927 2838 962 2869 lo
986 2838 1067 2879 qual
1093 2837 1202 2869 Karlo
1226 2836 1426 2878 impet-ador
1449 2836 1564 2868 3501νο
1587 2836 1618 2867 01
1644 2835 1828 2878 magnifico
1851 2835 1991 2866 Iacomo

138 2892 183 2922 da
207 2890 356 2922 Carrara
377 2898 410 2922 et
432 2891 443 2922 i
466 2892 516 2922 soi
541 2890 736 2921 successori
762 2890 806 2921 (13
825 2901 891 2921 nna
908 2891 1088 2921 sentencia
1113 2890 1204 2921 dada
1227 2895 1351 2921 contra
1374 2889 1433 2921 elli
1451 2895 1485 2920 et
1502 2889 1579 2921 altri
1597 2888 1751 2925 citadini,
1769 2894 1802 2919 et
1818 2887 1846 2918 51
1862 2887 1893 2918 10
1910 2897 1993 2918 con-

138 2943 224 2976 cede
247 2944 325 2976 tutti
349 2943 520 2986 privilegii
546 2943 603 2975 dai
629 2943 752 2974 vetusti
775 2942 990 2984 imperadori
1016 2942 1213 2975 concedudi
1237 2944 1269 2973 ai
1287 2942 1465 2985 magnifici
1482 2942 1533 2973 soi
1550 2940 1746 2983 precessori
1765 2941 1809 2972 da
1833 2940 1990 2971 Can-ara.
