2290 3449
303 348 436 380 XXIX.
454 365 494 370 —-
514 346 656 379 Domini
665 347 801 379 Iacomo
813 351 847 379 et
859 345 1200 389 Iacominofiudelli.

395 454 467 486 195.
492 453 565 494 [151
594 454 702 494 e-9l].
727 472 768 476 —
795 453 957 485 succede
982 453 1050 485 fioli
1074 453 1107 484 31
1131 464 1202 484 ma-

301 508 430 550 gnifico
454 506 652 539 chavaliero
676 517 787 538 meser
806 506 931 538 Nicolo
955 506 1000 538 da
1017 507 1166 539 Carrara
1181 505 1201 536 ¹.

302 560 402 592 Della
435 560 584 601 coventu
621 558 665 591 de
698 560 811 601 questi
843 558 888 591 du
920 559 1062 591 fradelli
1093 558 1126 590 io
1156 568 1201 589 no

301 625 404 656 posso
443 613 577 644 scriver
615 612 743 654 alguna
774 623 866 649 cosa,
901 612 1046 654 perche,
1081 611 1201 643 siando

302 666 441 709 partido
465 665 510 698 da
534 665 632 697 Pava
655 665 687 697 el
718 665 807 697 ditto
840 666 1027 708 magnifico
1055 676 1092 697 so
1116 674 1201 706 pare

302 730 364 762 per
396 720 528 761 incuria
562 726 597 751 et
627 719 786 760 despetto
821 719 856 750 di
888 719 1042 751 consorti
1074 719 1126 750 soi
1157 717 1202 749 da

303 772 450 804 Carrara
482 778 517 804 et
546 772 707 804 siandose
736 771 852 814 ligado
885 781 951 803 con
982 782 1096 803 meser
1127 771 1201 803 Cau

301 826 394 857 dalla
418 825 533 866 Scala,
560 825 591 856 el
615 825 696 867 qual
720 824 833 856 havea
858 825 888 856 el
918 835 1041 866 campo
1065 825 1202 856 intorno

302 890 321 910 a
346 879 450 915 pava,
463 878 709 920 promettando
733 877 778 909 de
803 877 867 909 dar
891 878 924 909 la
940 884 1032 909 terra
1056 877 1087 909 al
1113 877 1202 909 ditto

300 942 412 963 meser
435 930 519 967 Can,
547 937 581 963 et
606 930 650 962 lui
683 929 796 962 dovea
818 937 916 962 tuore
942 931 1094 962 madona
1116 928 1202 961 Isel-

299 986 420 1027 garda,
437 985 516 1016 fiola
534 984 591 1016 del
608 984 698 1016 ditto
715 994 828 1015 meser
843 983 984 1022 Nicolc'),
997 994 1059 1025 per
1074 984 1202 1016 moiere

301 1039 344 1070 de
365 1048 477 1069 meser
500 1037 642 1075 Mastin,
667 1047 704 1068 so
730 1037 831 1074 nevo,
856 1037 867 1067 i
892 1036 1037 1078 preditti
1061 1037 1108 1069 du
1131 1038 1202 1068 fra-

301 1091 385 1122 delli
409 1092 446 1123 fo
471 1091 563 1132 presi
588 1101 607 1121 a
632 1090 737 1121 Pava.
784 1089 828 1120 Et
851 1091 909 1131 poi
935 1101 998 1131 per
1021 1101 1133 1121 meser
1158 1091 1200 1122 de

301 1145 514 1186 Ovestagno‚
533 1144 565 1174 el
581 1143 662 1185 qual
681 1143 791 1174 allora
809 1153 938 1184 regeva
957 1142 988 1173 13
1005 1142 1093 1174 ditta
1109 1148 1202 1174 terra

301 1208 365 1239 per
388 1198 422 1229 lo
446 1196 532 1229 duse
557 1196 602 1228 de
619 1197 817 1234 Karinthia‚
842 1197 879 1228 fo
902 1196 1041 1227 menadi
1061 1196 1151 1237 presi
1168 1197 1202 1228 in

299 1251 503 1292 Alemagna,
527 1256 561 1282 et
584 1250 609 1281 11
631 1255 730 1287 stete,
755 1250 801 1280 fin
825 1255 921 1281 tanto
938 1250 1004 1281 che
1021 1249 1043 1280 ’l
1067 1250 1200 1292 magni-

300 1305 365 1335 fico
389 1314 428 1335 so
461 1314 545 1345 pare
578 1303 728 1335 iscosse
761 1313 824 1344 per
855 1301 980 1334 dinari.
1028 1303 1078 1335 Fo
1110 1303 1202 1344 poii

300 1357 443 1399 preditti
466 1356 640 1388 confinadi
672 1367 691 1388 a
723 1355 880 1393 Mantoa‚
912 1362 946 1387 et
974 1355 1000 1386 li
1024 1361 1124 1393 stete,
1156 1356 1202 1386 fin

301 1410 366 1441 che
390 1421 453 1452 per
475 1420 587 1441 meser
611 1409 760 1441 Ubertin
785 1410 830 1440 da
853 1409 1013 1446 Carrara,
1040 1409 1075 1440 in
1107 1408 1201 1440 mille

252 1474 256 1477 “
299 1469 452 1495 tresento
475 1468 647 1505 quaranta
673 1474 730 1500 un,
752 1463 807 1494 del
832 1473 926 1493 mese
943 1462 986 1493 de
1010 1462 1091 1499 luio‚
1114 1462 1125 1492 i
1148 1471 1201 1493 re-

299 1515 413 1548 vocha
429 1527 449 1547 a
465 1515 570 1554 Pava,
587 1523 620 1547 et
638 1515 660 1546 11
674 1516 828 1547 anchora
840 1515 1201 1553 citadineschamente

299 1569 378 1601 vive
403 1580 466 1611 per
489 1580 597 1611 paura
621 1569 679 1600 del
703 1568 789 1600 ditto
813 1579 928 1599 meser
952 1568 1113 1600 Ubertin.
1158 1568 1201 1599 El

300 1624 380 1666 qual
403 1633 517 1655 meser
540 1623 689 1655 Ubertin
713 1622 839 1654 siando
856 1623 913 1663 poi
931 1622 1034 1664 passa
1057 1623 1102 1654 de
1119 1633 1202 1664 que-

300 1683 351 1708 sta
375 1677 456 1714 vita,
481 1676 617 1708 benche
643 1687 662 1707 a
687 1676 761 1708 loro
787 1676 830 1707 de
857 1686 958 1707 rason
975 1682 1145 1717 spettasse
1171 1675 1202 1707 la

299 1741 359 1762 soa
383 1730 554 1768 heredita,
578 1729 709 1770 perche
742 1729 812 1761 ello
837 1739 896 1761 era
927 1740 1074 1772 german
1105 1729 1201 1760 cosin

301 1784 358 1815 del
383 1783 570 1826 magnifico
602 1793 715 1814 meser
746 1782 884 1819 Nicolo‚
912 1793 950 1814 so
983 1793 1078 1824 pare,
1103 1793 1167 1823 pur
1191 1789 1200 1819 ᾗ

300 1835 394 1867 volse
419 1841 512 1867 taser
536 1834 629 1866 della
651 1834 822 1871 heredita,
847 1835 892 1866 fin
919 1835 984 1866 che
1009 1835 1067 1865 elli
1092 1846 1128 1866 se
1146 1845 1202 1866 ve-

299 1889 397 1920 desse
422 1895 538 1929 tempo
563 1888 621 1929 piu
647 1898 791 1929 aconco.
831 1888 874 1919 Al
900 1889 980 1930 qual
1007 1888 1037 1919 la
1062 1888 1202 1919 fortuna

299 1947 390 1973 tosto
408 1941 462 1972 de’
482 1941 617 1978 effett0‚
636 1941 700 1972 che
718 1951 762 1972 no
779 1941 876 1973 molti
894 1941 929 1972 di
947 1941 1022 1972 drio
1041 1941 1074 1972 la
1090 1948 1201 1973 morte

299 1995 357 2026 del
383 1995 470 2027 ditto
494 2005 606 2025 meser
628 1995 787 2034 Uberfin,
808 1995 839 2026 el
858 2005 955 2026 maor
973 1995 1015 2025 de
1034 1995 1137 2036 quisti
1155 1995 1200 2026 du

300 2048 450 2084 fradelli,
464 2048 528 2089 coe
544 2047 685 2079 Iacomo
699 2049 744 2079 da
762 2047 922 2084 Carrara,
939 2048 1201 2079 molestamente

300 2100 472 2142 portando
488 2100 533 2132 de
550 2110 645 2132 esser
661 2101 761 2142 privo
779 2101 873 2132 della
889 2100 1093 2132 succession
1111 2101 1147 2132 di
1163 2110 1200 2132 so

299 2155 421 2193 maori,
438 2162 472 2187 et
487 2155 734 2196 specialmente
753 2155 845 2186 delle
862 2165 965 2186 rason
982 2156 1026 2186 da
1039 2155 1199 2192 Carrara,

300 2214 334 2240 et
358 2209 520 2240 eciandio
541 2209 705 2240 temando
729 2219 865 2249 sempre
890 2208 956 2240 che
981 2219 1043 2249 per
1067 2207 1199 2240 invidia

299 2273 362 2304 per
393 2272 506 2293 meser
536 2261 731 2293 Marsilieto
763 2272 806 2293 no
838 2262 871 2292 ie
908 2262 1002 2293 fosse
1033 2262 1199 2303 apariade

299 2315 435 2351 insidie,
459 2314 590 2356 perche
615 2314 648 2346 el
679 2325 782 2346 savea
806 2314 873 2346 ben
906 2315 939 2346 la
963 2314 1123 2346 heredita
1154 2315 1198 2346 de

300 2379 412 2399 meser
436 2367 584 2399 Ubertin
609 2377 652 2398 no
679 2378 772 2398 esser
795 2378 815 2398 a
841 2368 887 2399 lui
911 2369 955 2399 de
973 2378 1076 2400 rason
1093 2369 1199 2399 devo-

299 2421 392 2461 luda,
417 2421 584 2462 comenco
607 2431 675 2451 una
701 2421 791 2452 fiada
815 2420 887 2452 cosi
912 2431 931 2451 a
947 2431 1109 2462 pensare:
1132 2421 1198 2453 “Io

305 2474 377 2505 “ho
402 2474 442 2515 ςέι
465 2473 543 2515 lecu
575 2474 640 2505 che
672 2473 705 2504 13
736 2473 918 2515 republica
951 2474 995 2505 de
1020 2474 1136 2506 Roma
1159 2484 1197 2506 se

385 2652 391 2668 ¹
412 2654 424 2677 I
443 2654 497 2677 due
518 2654 627 2677 fratelli
647 2653 788 2678 Giacomo
809 2662 822 2678 e
843 2653 1018 2678 Giacomino
1045 2656 1196 2686 sopporta-

296 2703 370 2720 vano
392 2697 421 2720 in
442 2699 521 2729 parte
541 2696 566 2720 le
586 2704 656 2729 pene
677 2696 753 2720 della
772 2699 909 2720 sventura
930 2699 1057 2729 paterna,
1073 2704 1087 2720 e
1101 2705 1153 2721 con
1171 2697 1196 2720 la

296 2739 442 2770 prigionia
462 2739 492 2762 in
514 2738 703 2768 Germanla‚e
722 2747 774 2762 con
797 2739 902 2763 l'esilio
924 2741 1111 2767 mantovano,
1125 2746 1139 2763 e
1154 2740 1196 2762 in-

295 2780 350 2804 fme
369 2788 422 2804 con
449 2781 476 2804 13
502 2781 673 2812 privazione
699 2780 743 2804 del
771 2781 876 2805 diritto
903 2782 933 2805 di
961 2783 1143 2806 successione
1169 2781 1196 2804 al

295 2829 423 2854 governo
443 2823 519 2846 della
533 2821 612 2851 citta,
628 2824 780 2847 trasmesso
801 2823 837 2847 da
858 2823 1006 2854 Ubertino,
1028 2831 1077 2855 per
1091 2823 1196 2847 difetto

296 2864 323 2887 di
345 2864 532 2888 discendenza
552 2866 587 2888 da
606 2867 685 2896 parte
706 2873 720 2888 e
740 2866 767 2889 di
790 2866 921 2889 Marsilio
948 2874 961 2889 e
987 2866 1015 2889 di
1044 2865 1196 2894 Uber-tino,

295 2906 321 2929 31
344 2913 422 2930 ramo
443 2907 605 2930 collaterale
624 2907 668 2930 dei
688 2908 842 2939 Papafava,
860 2909 888 2930 in
904 2915 1025 2939 persona
1040 2907 1195 2931 (lell'unico

296 2950 448 2979 superstite
466 2949 495 2972 di
513 2949 576 2980 quel
598 2957 683 2980 ramo,
705 2949 983 2982 Marsilietto,fig110
997 2950 1024 2973 di
1042 2949 1195 2973 Albertino

296 2990 324 3013 di
355 2989 536 3015 Giacomino.
579 2991 601 3014 Il
632 2991 773 3016 sacrificio
803 2991 832 3015 di
858 2993 987 3024 presunti
1013 2992 1109 3016 diritti
1137 2998 1196 3015 rese

663 214 836 250 GESTA
864 213 1169 249 MAGNIFICA
1197 211 1382 247 DOMUS
1412 208 1800 249 CARRARIENSIS

1299 344 1433 376 XXIX.
1457 364 1497 368 —
1522 345 1663 377 Iacobus
1693 350 1727 377 ct
1749 345 1936 383 Iacobinus,
1959 346 2109 389 fratres.

1327 450 1398 482 195.
1424 451 1498 491 [151
1527 462 1545 482 e
1571 451 1636 493 91].
1661 470 1702 474 -
1727 452 1917 494 Magnifico
1936 453 2075 484 domino
2093 453 2155 484 Ni-

1257 504 1356 536 00130
1373 505 1416 535 (10
1432 503 1593 536 Carraria
1615 511 1869 537 successerunt.
1917 506 2156 538 Successionis

1257 567 1400 599 quorum
1425 556 1511 589 illud
1536 567 1601 600 ego
1625 563 1761 599 tempus
1784 558 1819 588 in
1843 557 2070 600 sequentibus
2086 565 2154 590 tra-

1258 611 1348 647 dam,
1366 610 1461 652 quod
1477 609 1521 641 de
1546 611 1632 651 ipsis
1656 611 1691 642 in
1709 622 1828 643 eorum
1845 612 1954 653 gestis
1970 622 2037 655 ego
2063 621 2154 643 com·

1257 664 1375 704 perio:
1412 663 1456 694 Hi
1490 663 1556 694 viri
1588 664 1741 695 audaces
1771 665 1870 696 fuere
1901 671 1936 696 et
1969 664 2156 707 magnifici,

1257 727 1276 747 a
1301 722 1444 757 paterna
1467 717 1502 747 in
1526 716 1634 748 nihilo
1658 717 1942 759 magnanimitate
1959 717 2155 749 exorbitan-

1257 775 1319 809 tes,
1344 770 1402 812 qui
1427 779 1470 801 ex
1493 781 1632 802 secessu
1659 771 1841 812 repentino
1867 771 1998 802 domini
2016 771 2156 802 Nicolai

1258 823 1301 854 de
1325 823 1496 859 Carraria,
1520 818 1628 864 patris
1653 834 1782 862 eorum,
1809 823 1854 855 de
1880 823 2019 855 civitate
2036 823 2155 855 Padue

1258 882 1292 908 et
1317 877 1359 907 de
1383 876 1584 914 adhesione,
1609 887 1711 918 quam
1728 877 1816 909 hosti
1835 877 1981 914 fecerat,
2008 877 2156 908 intanta

1258 940 1393 972 guerra,
1417 930 1553 962 scilicet
1577 931 1719 962 domino
1742 930 1828 962 Cani
1856 931 1936 962 dela
1960 929 2074 968 Scala,
2097 941 2154 962 su-

1257 989 1379 1025 specto
1403 994 1472 1014 non
1498 983 1636 1015 modico
1660 983 1783 1020 habiti,
1809 984 1987 1020 carcerati,
2015 984 2049 1014 in
2074 983 2156 1014 Ale-

1258 1037 1406 1067 maniam
1431 1036 1585 1073 adducti,
1615 1037 1778 1078 optimam
1804 1037 1992 1080 juventutis
2019 1048 2078 1068 sue
2104 1037 2156 1067 in-

1258 1091 1372 1122 dolem
1404 1096 1438 1121 et
1469 1100 1586 1121 eorum
1611 1095 1721 1132 gesta,
1752 1101 1819 1132 que
1850 1090 2039 1133 magnifica
2070 1090 2156 1121 fuis-

1256 1149 1342 1180 sent,
1360 1143 1546 1174 ostendere
1570 1152 1639 1174 non
1663 1149 1860 1184 potuerunt.
1899 1143 1979 1180 Que
1996 1150 2030 1175 et
2053 1143 2155 1174 etiam

1256 1195 1401 1227 relaxati
1420 1202 1454 1227 et
1471 1196 1506 1227 in
1524 1195 1664 1226 civitate
1682 1194 1920 1232 restituti‚sub
1934 1196 2016 1233 otio,
2029 1195 2155 1227 timore

1257 1248 1389 1280 domini
1406 1248 1576 1286 Ubertini,
1593 1249 1763 1290 preterire
1781 1254 1858 1280 sunt
1875 1249 1997 1281 coacti.
2023 1248 2154 1280 Horum

1256 1301 1427 1333 amicitias
1451 1301 1577 1344 quique
1601 1301 1722 1333 Padue
1746 1302 1882 1334 nobiles
1913 1301 2066 1334 libenter
2094 1300 2156 1333 ob-

1257 1360 1465 1392 servassent,
1495 1355 1588 1396 quod
1621 1360 1655 1385 et
1685 1355 1753 1396 ipsi
1785 1360 2038 1397 cognoscentes
2074 1366 2153 1396 pru-

1258 1408 1382 1440 denter
1405 1408 1623 1445 simulabant,
1656 1419 1699 1439 ne
1723 1419 1759 1440 se
1787 1409 1887 1440 simul
1911 1409 1943 1439 in
1969 1408 2154 1440 discrimen

1255 1462 1435 1493 traherent
1468 1467 1501 1493 et
1540 1462 1681 1493 amicos.
1729 1461 1786 1493 Ad
1825 1472 1911 1504 quos
1948 1461 2155 1504 magnificos

1257 1514 1414 1546 dominos
1434 1514 1598 1546 Iacobum
1615 1522 1649 1546 et
1665 1515 1868 1546 Iacobinum
1892 1515 1956 1547 etsi
1973 1514 2154 1557 magnifici

1257 1568 1388 1599 domini
1412 1568 1573 1600 Ubertini
1597 1568 1772 1600 successio
1798 1569 1842 1600 de
1864 1568 1939 1611 jure
1963 1568 2154 1610 spectabat,

1257 1621 1440 1652 voluerunt
1464 1627 1582 1652 tamen
1613 1622 1656 1652 de
1686 1622 1882 1653 hereditate
1915 1621 2030 1658 silere,
2061 1621 2153 1657 dum,

1258 1674 1449 1715 aptitudine
1473 1674 1637 1715 temporis
1658 1675 1827 1716 inspecta,
1851 1674 2006 1706 debitum
2022 1674 2086 1705 sibi
2101 1673 2155 1716 jus

1257 1728 1475 1759 commodius
1499 1728 1601 1759 etiam
1618 1727 1682 1759 sibi
1700 1728 1928 1759 vindicarent.
1961 1728 2067 1765 Quod
2083 1737 2154 1759 non

1257 1781 1360 1823 longe
1384 1787 1460 1822 post
1484 1787 1625 1812 mortem
1649 1780 1828 1823 magnifici
1846 1780 1976 1812 domini
1993 1779 2155 1813 Ubertini

1256 1835 1365 1865 frater
1393 1835 1548 1875 ipsorum
1579 1834 1698 1876 major,
1732 1834 1879 1866 Iacobus
1904 1833 1948 1865 de
1980 1832 2153 1871 Carraria,

1257 1887 1397 1919 felicem
1422 1887 1521 1918 duxit
1543 1888 1588 1919 ad
1606 1888 1782 1919 effectum.
1830 1887 1918 1919 Nam
1943 1888 2035 1919 idem
2053 1886 2152 1918 Iaco-

1256 1940 1318 1972 bus
1358 1941 1400 1972 de
1440 1940 1612 1977 Carraria,
1652 1950 1761 1982 nepos
1799 1941 1983 1983 magnifici
2021 1940 2152 1972 domini

1256 1994 1415 2026 Ubertini
1440 1994 1606 2036 filiusque
1631 1995 1813 2036 magnifici
1841 1994 1971 2026 domini
2002 1993 2152 2031 Nicolai‚

1255 2057 1291 2078 se
1314 2057 1452 2078 suorum
1477 2047 1594 2078 debita
1617 2047 1788 2088 aspiciens
1820 2047 1991 2089 privatum
2016 2056 2154 2078 succes-

1255 2101 1354 2132 sione
1378 2100 1558 2137 maiorum,
1583 2106 1616 2132 et
1640 2101 1806 2142 precipue
1838 2101 1970 2132 iuribus
2001 2101 2045 2132 de
2069 2100 2153 2132 Car-

1254 2153 1345 2184 raria
1386 2163 1522 2184 necnon
1562 2160 1596 2185 et
1634 2153 1786 2185 dominio
1830 2153 1989 2190 civitatis,
2028 2154 2152 2184 timens

1255 2206 1359 2238 etiam
1385 2216 1447 2247 per
1471 2206 1647 2238 dominum
1672 2205 1902 2238 Marsilietum
1925 2205 1991 2238 sibi
2011 2206 2152 2238 insidias

1255 2271 1297 2291 ex
1321 2260 1453 2292 invidia
1485 2262 1612 2301 parari,
1644 2261 1695 2292 sic
1728 2271 1844 2292 secum
1876 2261 1914 2291 in
1945 2261 2018 2292 eius
2043 2261 2151 2292 corde

1253 2323 1382 2345 arcano
1407 2313 1543 2345 locutus
1566 2319 1630 2344 est:
1660 2314 1674 2328 “
1690 2314 1767 2356 Jam
1783 2314 1854 2355 legi
1871 2314 1965 2355 quod
1988 2313 2151 2345 audendo

1257 2367 1271 2382 ‘⁴
1287 2373 1320 2398 et
1344 2367 1482 2409 agendo
1506 2377 1560 2398 res
1585 2377 1727 2399 romana
1752 2367 1878 2403 evenit,
1895 2377 1964 2398 non
1982 2366 2151 2404 sedendo,

1259 2422 1273 2436 ¹⁴
1289 2426 1347 2452 aut
1370 2420 1468 2457 votis,
1493 2429 1561 2451 non
1586 2420 1639 2451 his
1656 2420 1814 2452 sensibus
1837 2426 1872 2452 et
1897 2419 2060 2456 consiliis,
2083 2430 2150 2462 que

1258 2477 1272 2491 “
1286 2474 1395 2505 timidi
1420 2480 1521 2505 cauta
1540 2480 1665 2506 vocant
1678 2496 1708 2512 „.
1747 2473 1951 2505 Deliberato
1969 2483 2051 2515 ergo
2069 2483 2151 2504 con-

1253 2655 1329 2678 avidi
1354 2653 1383 2677 di
1405 2656 1501 2686 potere
1523 2655 1529 2677 i
1546 2654 1599 2677 duc
1616 2654 1733 2683 tratelli,
1747 2654 1796 2678 che
1811 2654 2035 2677 rivcndicarono
2050 2653 2075 2677 13
2090 2660 2149 2677 suc-

1251 2696 1379 2720 cessione
1398 2703 1477 2719 come
1503 2693 1552 2727 pin
1580 2696 1714 2727 prossimi
1741 2696 1868 2728 parenti:
1894 2703 1908 2719 e
1935 2695 2150 2727 congiurarono

1252 2740 1353 2762 contro
1376 2738 1551 2762 Marsilietto
1571 2746 1584 2761 c
1605 2739 1627 2761 si
1649 2739 1842 2762 sostituirono
1861 2745 1877 2761 3
1898 2738 1948 2761 lui.
1986 2738 2007 2761 11
2022 2744 2150 2769 governo

1252 2782 1282 2805 fu
1302 2782 1403 2803 tenuto
1423 2780 1457 2803 da
1473 2779 1612 2804 Giacomo
1632 2780 1688 2804 fino
1712 2780 1772 2804 alla
1786 2786 1835 2804 sua
1849 2781 1997 2804 uccisione
2012 2779 2057 2803 nel
2075 2786 2150 2812 ¹35⁰·

1251 2822 1301 2854 poi
1323 2822 1368 2845 dal
1390 2822 1514 2850 fratello,
1540 2821 1722 2851 Giacomino‚
1749 2829 1793 2846 ma
1819 2829 1868 2853 per
1894 2829 1976 2853 poco,
2002 2820 2102 2853 perch'e
2128 2822 2149 2846 il

1251 2864 1331 2895 figlio
1351 2864 1546 2895 primogenito
1566 2864 1592 2887 di
1615 2863 1763 2894 Giacomo,
1779 2863 1945 2891 Franccsco,
1960 2864 2009 2888 che
2025 2864 2054 2888 fu
2069 2863 2149 2888 detto

1252 2906 1272 2929 il
1294 2906 1418 2934 vecchio,
1440 2905 1562 2929 reclamo
1586 2906 1604 2929 il
1627 2907 1732 2930 diritto
1753 2906 1809 2930 3113
1831 2907 2009 2930 successione
2029 2912 2043 2929 e
2063 2903 2147 2938 privo

1251 2947 1425 2971 Giacomino
1438 2949 1481 2971 del
1494 2955 1629 2979 governo‚
1645 2948 1832 2980 relegandolo
1845 2949 1918 2972 nella
1931 2955 2012 2972 rocca
2026 2947 2149 2971 (11111011-

1251 2991 1344 3019 selice,
1364 2998 1417 3014 ove
1438 2989 1536 3023 langui
1556 2999 1605 3024 per
1627 2998 1657 3023 17
1679 2991 1748 3016 anni
1777 2991 1914 3015 merendo
1935 2991 1981 3014 nel
2002 2996 2077 3022 137²-

2187 875 2225 907 10

2188 1142 2225 1174 15

2182 1674 2224 1706 25

2180 1942 2223 1972 30

2179 2205 2221 2238 35

2180 2472 2221 2503 40

2181 2659 2212 2676 10

2179 2870 2208 2896 15
