2290 3449
336 352 566 377 Bartholomcum
586 350 721 384 Caelium,
741 351 854 376 coheret
875 359 889 375 a
910 359 990 375 mane
1010 353 1037 376 et
1057 359 1072 376 a
1093 359 1168 376 nona
1189 353 1215 376 d.
1235 351 1395 383 Hengulfus
1415 360 1517 383 comes,
1537 361 1552 377 a
1573 353 1707 378 nullhora
1731 355 1779 379 via
1801 355 1939 384 comunis,
1959 354 1993 378 de
2011 361 2066 386 qua
2086 355 2181 378 reddit

337 405 438 421 novem
458 397 546 420 staria
568 396 713 420 frumenti,
751 395 828 426 Item,
850 404 932 420 unam
946 397 1056 429 peciam
1069 398 1142 420 terre
1163 397 1192 420 in
1208 397 1338 420 contrata
1353 396 1477 426 Muciae,
1491 404 1543 428 que
1558 399 1667 429 regitur
1680 406 1729 430 per
1742 399 1858 423 fratrem
1872 399 2045 428 Americum,
2064 399 2177 422 dimidii

336 443 427 474 campi
447 442 474 465 et
494 440 653 464 tabularum
675 440 782 472 viginti
803 441 936 471 quinque,
955 441 1069 465 coheret
1089 449 1104 465 a
1131 440 1266 464 nullhora
1286 442 1334 464 via
1352 442 1492 470 comunis,
1513 448 1529 465 a
1556 449 1633 466 nona
1657 442 1759 467 flumen
1786 443 1937 469 Calcavise
1962 445 1990 467 et
2016 451 2031 467 a
2050 450 2132 467 mane
2152 444 2178 467 d.

335 486 493 510 Americus.
520 484 599 515 Item,
613 491 696 508 unam
712 486 821 517 peciam
837 486 909 508 terre
927 485 958 508 in
973 485 1069 509 eadem
1089 486 1220 509 contrata
1241 486 1365 516 quinque
1383 486 1555 518 perticarum
1575 488 1603 509 et
1623 486 1783 511 tabularum
1802 488 1919 520 viginti,
1934 487 2047 512 coheret
2067 494 2083 511 a
2096 494 2179 510 mane

334 531 434 554 flumen
454 529 636 559 Bacchionis,
649 536 665 553 a
679 536 740 553 sero
753 529 873 561 Egidius
887 537 912 560 q.
927 529 1028 553 Marcii
1049 530 1184 558 monarii,
1199 537 1213 553 a
1228 537 1305 553 nona
1318 529 1419 553 flumen
1434 529 1592 560 Calcavise,
1613 530 1708 555 reddit
1722 532 1755 555 de
1768 531 1846 556 dicta
1860 533 1917 557 duo
1931 533 2017 556 staria
2034 532 2176 555 frumenti,

333 575 411 603 Item,
431 581 517 597 unum
537 573 663 597 sedimen
684 574 713 596 in
734 571 895 601 Caleavisa,
915 573 989 604 quod
1010 574 1120 605 regitur
1139 581 1188 605 per
1201 574 1316 597 heredes
1336 581 1362 605 q.
1381 573 1503 598 Martini
1522 575 1620 604 Rubei,
1640 575 1725 599 unius
1744 577 1882 607 quai-terii
1903 577 2004 608 campi,
2028 576 2143 600 coheret
2163 583 2177 599 a

334 625 415 643 mane
434 617 633 641 Manfredinus
653 616 772 647 Grotus,
791 625 806 641 a
827 624 889 641 sero
905 617 1027 648 Jacobus
1046 625 1072 648 q.
1093 617 1232 641 Friderici
1253 620 1280 642 et
1306 618 1367 647 alii,
1392 625 1408 642 a
1429 618 1563 643 nullhora
1583 618 1745 649 calcavisa,
1771 620 1804 644 de
1828 627 1884 652 quo
1906 620 2001 644 reddit
2019 627 2106 644 unum
2127 627 2177 651 par

334 663 516 696 gallinarum.
554 662 633 692 Item,
653 669 738 686 unam
759 662 867 693 peciam
888 663 970 691 terre,
990 669 1042 693 que
1063 663 1170 694 regitur
1189 669 1238 695 per
1252 663 1447 694 Johanninum
1464 664 1492 687 et
1511 662 1626 693 Finum,
1642 665 1672 688 in
1693 666 1834 694 contrata,
1853 672 1905 695 que
1929 665 2036 689 dicitur
2056 664 2176 696 Campo-

332 709 430 739 longo,
451 707 583 730 undecim
610 708 781 738 perticarum
806 708 833 730 et
852 706 1014 730 tabularum
1040 707 1265 738 quatuordecim,
1291 707 1405 731 coheret
1423 714 1440 732 a
1465 715 1546 732 mane
1564 708 1647 732 Nassi
1668 708 1703 732 de
1727 708 1877 737 Bardellis,
1897 717 1912 733 a
1931 716 1992 733 sero
2011 709 2175 741 Hyeremias

332 761 356 784 q.
376 753 446 780 Ade,
466 759 481 775 a
502 758 578 775 nona
597 752 645 775 via
664 752 802 779 comunis,
822 750 855 774 de
875 757 928 781 qua
949 750 1043 774 reddIt
1062 757 1149 774 unum
1169 752 1288 775 starium
1306 751 1450 776 frumenti.
1487 752 1568 781 Item,
1588 759 1672 776 unam
1692 754 1800 784 peciam
1821 754 1893 777 terre
1913 754 1943 777 in
1964 754 2104 783 contrata,
2121 759 2174 784 que

331 797 439 821 dlcitur
459 797 540 824 Bora,
559 803 612 827 que
631 796 738 827 regitur
758 802 807 826 per
826 794 1027 818 crescencium
1046 803 1072 826 q.
1091 796 1196 826 Hercii,
1218 796 1302 820 unius
1318 784 1418 828 campi,
1434 797 1549 821 coheret
1564 805 1579 820 a
1593 804 1656 830 spero
1675 798 1881 821 monasterium
1901 796 1928 821 S.
1947 797 2094 822 Anthonii
2112 799 2140 821 et
2159 804 2174 820 a

331 848 407 866 nona
427 840 521 864 dictus
541 839 750 873 Galcegnanus,
770 839 803 862 de
822 845 876 870 qua
897 839 989 862 reddit
1009 846 1095 862 unum
1116 841 1237 864 starium
1258 840 1346 864 milei.
1375 841 1453 869 Item,
1468 848 1553 865 unam
1574 842 1683 873 peciam
1697 843 1771 865 terre
1789 842 1820 865 in
1834 841 1988 869 Palusello,
2002 847 2054 872 que
2068 842 2176 872 regitur

331 893 381 919 per
395 885 554 917 Johannem
574 885 694 914 Bonum,
708 883 866 915 johannem
888 884 914 907 et
934 884 1095 912 Henricum,
1116 884 1241 916 quinque
1261 885 1470 916 quarteriorum
1490 887 1593 917 campi,
1612 886 1726 909 coheret
1747 893 1761 909 a
1782 892 1863 909 mane
1872 885 2052 917 Johanninus
2072 885 2106 908 de
2124 885 2174 908 Al-

331 930 450 958 chenda,
465 937 479 953 a
499 936 561 953 sero
582 936 654 960 mag.
676 929 780 957 Bonus,
801 936 814 952 a
835 928 971 951 nullhora
991 927 1019 952 d.
1032 929 1180 961 Henricus,
1201 929 1235 953 de
1253 937 1307 961 qua
1323 929 1418 954 reddit
1431 937 1518 954 unum
1534 931 1653 954 starium
1667 931 1758 954 milei.
1787 930 1865 961 Item,
1881 937 1964 954 unam
1981 930 2090 961 peciam
2102 929 2176 953 terre

331 978 362 1000 in
383 976 521 1004 contrata,
541 981 593 1005 que
613 974 719 997 dicitur
732 972 942 1004 Traversagno,
961 974 1048 996 unius
1063 973 1262 1005 campi,unius
1281 976 1360 998 tertii
1380 976 1408 999 et
1421 976 1508 999 unius
1527 976 1665 1007 quarterii
1686 977 1714 999 et
1728 975 1888 999 tabularum
1908 975 2042 1006 quinque,
2054 973 2175 997 â€˜coheret

330 1029 344 1045 a
364 1027 426 1044 sero
446 1019 560 1043 heredes
580 1026 605 1050 q.
626 1017 798 1047 Marcoardi,
819 1024 835 1041 a
856 1017 974 1041 meridie
988 1017 1103 1042 heredes
1123 1025 1149 1049 q.
1169 1017 1268 1043 Uberti
1290 1019 1322 1043 de
1341 1019 1526 1052 Sacholongo
1545 1022 1574 1044 et
1594 1028 1608 1044 a
1628 1027 1710 1044 mane
1723 1020 1869 1052 Johannes
1886 1018 1966 1043 Piva.
1993 1018 2073 1047 Item,
2088 1025 2174 1042 unam

330 1066 440 1098 peciam
465 1066 538 1088 terre
564 1064 594 1087 in
621 1064 755 1086 contrata
780 1062 908 1086 Solaroli
935 1069 982 1085 seu
1008 1062 1110 1086 fossati
1134 1070 1149 1086 a
1169 1062 1290 1097 Vaneca,
1316 1065 1402 1088 unius
1427 1065 1521 1096 campi
1540 1066 1568 1088 et
1587 1065 1749 1089 tabularum
1775 1064 1896 1096 viginti,
1915 1063 2029 1087 coheret
2049 1071 2064 1086 a
2084 1062 2175 1086 tribus

330 1109 459 1142 partibus
475 1108 582 1140 Jvanus
602 1114 617 1130 a
636 1106 663 1131 S.
683 1106 813 1130 Martino
834 1106 867 1130 de
887 1107 1008 1140 Vaneca.
1045 1106 1125 1136 Item,
1144 1114 1230 1131 unam
1251 1109 1358 1139 peciam
1380 1110 1453 1133 terre
1473 1111 1503 1133 in
1523 1109 1670 1133 Palusello
1689 1111 1774 1133 unius
1792 1108 1895 1140 campi,
1915 1108 2087 1140 perticarum
2107 1107 2174 1130 octo

329 1155 357 1178 et
376 1153 535 1178 tabularum
557 1151 661 1182 decem,
683 1151 796 1175 coheret
815 1158 831 1175 a
851 1158 933 1174 mane
953 1151 1000 1175 via
1020 1151 1162 1181 comunis,
1181 1158 1197 1175 a
1210 1158 1273 1175 sero
1287 1153 1448 1177 Palusellus
1462 1155 1490 1178 et
1503 1161 1518 1177 a
1534 1154 1667 1178 nullhora
1687 1154 1801 1178 heredes
1820 1153 1913 1177 Rubei
1932 1152 1965 1176 de
1978 1152 2067 1185 Maca.
2094 1151 2174 1179 Item,

328 1206 411 1222 unam
439 1198 548 1230 peciam
573 1198 647 1220 terre
673 1196 702 1219 in
730 1195 931 1227 Campolongo
957 1196 1043 1219 unius
1069 1197 1172 1228 campi,
1198 1196 1370 1227 perticarum
1395 1197 1514 1222 duarum
1540 1200 1568 1222 et
1586 1198 1748 1223 tabularum
1772 1198 1904 1230 trigInta,
1924 1197 2037 1221 coheret
2056 1203 2073 1220 a
2091 1201 2173 1219 mane

329 1243 492 1275 Hyeremias
510 1249 535 1273 q.
557 1241 627 1270 Ade,
646 1247 662 1264 a
682 1248 744 1264 sero
764 1240 792 1266 d.
813 1239 885 1264 Fina
904 1242 932 1264 et
953 1248 966 1263 a
981 1240 1116 1264 nullhora
1132 1241 1180 1264 via
1199 1241 1338 1266 comunis.
1366 1242 1445 1272 Item,
1466 1250 1549 1267 unam
1564 1245 1672 1275 peciam
1686 1246 1758 1268 terre
1779 1244 1808 1266 in
1823 1243 1900 1266 dicta
1914 1243 2042 1266 contrata
2057 1239 2173 1265 dimidii

328 1288 421 1320 campi
440 1288 468 1310 et
487 1286 649 1310 tabularum
669 1285 779 1317 viginti
799 1285 932 1316 quinque,
951 1285 1065 1309 coheret
1085 1293 1100 1309 a
1120 1292 1184 1309 sero
1202 1286 1265 1317 jura
1279 1285 1306 1311 d.
1324 1286 1469 1311 Anthonii
1491 1288 1525 1311 de
1544 1287 1667 1316 Covalo,
1681 1296 1695 1312 a
1710 1295 1792 1312 mane
1809 1287 1951 1311 Henricus
1970 1294 1995 1318 q.
2015 1284 2139 1313 Alberti,
2158 1291 2173 1307 a

327 1333 461 1356 nullhora
474 1332 522 1354 via
536 1330 676 1354 comunis.
712 1329 791 1358 Item,
811 1337 895 1353 unam
917 1330 1025 1361 peciam
1039 1331 1113 1353 terre
1133 1330 1162 1353 in
1177 1331 1315 1360 contrata,
1335 1338 1388 1362 que
1407 1331 1515 1356 dicitur
1527 1331 1655 1362 Lamare,
1669 1334 1754 1357 unius
1772 1332 1877 1364 campi,
1889 1332 2003 1356 coheret
2017 1338 2032 1354 a
2045 1335 2127 1354 mane
2144 1329 2173 1352 et

327 1384 343 1401 a
363 1376 496 1400 nullhora
510 1374 657 1399 Guidotus
677 1382 703 1406 q.
722 1374 843 1398 Thomei
863 1375 891 1398 et
909 1381 925 1397 a
944 1380 1008 1398 sero
1022 1374 1138 1398 heredes
1157 1382 1182 1406 q.
1202 1374 1339 1407 Qinaehe.
1368 1376 1448 1407 Item,
1467 1384 1552 1401 unam
1572 1377 1681 1409 peciam
1702 1379 1775 1401 terre
1789 1378 1819 1401 in
1839 1378 1981 1404 contrata,
1994 1382 2047 1407 que
2065 1374 2173 1398 dicitur

327 1420 458 1455 Vancoli,
479 1420 604 1451 quinque
624 1419 795 1451 perticarum
820 1420 847 1442 et
870 1418 1033 1442 tabularum
1058 1418 1251 1451 quadraginta
1275 1419 1410 1451 quinque,
1434 1420 1550 1445 câ€˜oheret
1575 1422 1683 1446 duabus
1708 1422 1837 1454 partibus
1862 1421 1963 1446 flumen
1990 1418 2170 1444 Bacchionis.

325 1466 405 1495 Item,
424 1472 511 1488 unum
531 1464 656 1488 sedimen
677 1471 738 1487 cum
759 1465 838 1487 mota
857 1465 884 1487 et
905 1463 1036 1498 vancolo,
1058 1463 1212 1487 secundum
1232 1463 1308 1495 quod
1324 1464 1358 1488 ad
1373 1466 1479 1489 motam
1498 1467 1632 1497 pertinet.
1669 1466 1749 1495 Item,
1770 1474 1855 1490 unum
1876 1465 2003 1489 sedImen
2018 1472 2032 1487 a
2047 1462 2162 1487 Carubo

326 1510 403 1542 quod
423 1509 534 1534 solebat
554 1510 648 1532 tenere
661 1508 798 1532 Albertus
814 1508 980 1537 Buschetus,
992 1507 1088 1532 reddit
1103 1507 1173 1531 duos
1187 1508 1292 1532 soldos.
1326 1509 1407 1539 Item,
1421 1516 1508 1534 unum
1521 1511 1657 1541 sedimen,
1676 1511 1752 1542 quod
1767 1510 1899 1534 solebant
1911 1511 2007 1534 tenere
2027 1508 2129 1532 fratres
2143 1505 2171 1531 S.

325 1555 472 1579 Anthonii
492 1553 525 1577 de
546 1553 667 1582 Covalo,
686 1553 763 1584 quod
784 1552 840 1576 suit
859 1553 979 1577 Martini
1000 1552 1132 1587 Macuchi
1151 1554 1179 1576 et
1199 1553 1333 1577 reddebat
1354 1560 1404 1589 sen
1422 1553 1557 1579 denarios
1576 1562 1740 1586 parvorum.
1777 1555 1857 1585 Item,
1876 1561 1961 1578 unam
1981 1554 2093 1585 postam
2111 1558 2170 1574 mo-

325 1599 438 1624 lendini
457 1606 520 1622 cum
540 1597 680 1622 sedimine
693 1597 854 1621 molendini
875 1599 902 1621 et
922 1597 1013 1621 fracta
1033 1597 1195 1621 molendini
1217 1598 1246 1621 in
1268 1599 1399 1623 contrata
1419 1598 1579 1630 Calcavise,
1599 1607 1682 1631 quam
1702 1600 1817 1623 tenebat
1830 1599 1994 1631 Paganinus
2014 1596 2170 1621 monarius.

325 1644 403 1675 Item,
427 1645 484 1667 tres
504 1649 619 1674 campos
641 1643 775 1673 nemoris,
791 1643 867 1673 quod
882 1642 1044 1675 appellatur
1062 1641 1209 1666 Paluselli.
1246 1642 1325 1674 Item,
1345 1644 1401 1667 tres
1415 1651 1529 1677 campos
1543 1646 1617 1668 terre
1630 1644 1660 1668 in
1674 1644 1851 1672 Mardebreo,
1870 1644 1918 1675 qui
1933 1643 2104 1666 laborantur
2122 1646 2171 1672 per

324 1688 442 1713 Melium
461 1689 489 1712 et
508 1687 608 1711 Planci
629 1687 737 1710 Minere
755 1688 784 1711 et
804 1686 951 1719 (janetam.
979 1686 1059 1715 Item,
1074 1694 1159 1710 unam
1179 1687 1287 1718 peciam
1307 1688 1380 1711 terre
1399 1689 1426 1712 et
1443 1689 1520 1719 prati
1539 1689 1613 1720 apud
1634 1689 1800 1720 Vianigum,
1814 1695 1897 1720 quam
1911 1687 2021 1711 solebat
2040 1685 2170 1709 laborare

323 1734 465 1758 Martinus
485 1732 606 1756 Rubeus.
636 1731 715 1760 Item,
729 1739 816 1755 unum
837 1738 965 1764 campum
979 1732 1052 1755 terre
1065 1733 1093 1755 et
1105 1732 1181 1764 prati
1196 1731 1225 1755 in
1240 1731 1317 1755 dicta
1331 1733 1472 1764 contrata,
1484 1740 1537 1764 que
1550 1733 1701 1757 laborabat
1713 1732 1842 1764 Egidius.
1867 1733 1947 1761 Item,
1962 1738 2047 1755 unam
2061 1730 2169 1763 peciam

325 1780 398 1802 terre
418 1784 467 1801 sex
485 1784 651 1809 camporum
671 1777 748 1800 inter
768 1776 923 1808 Vianigum
943 1777 970 1800 et
983 1775 1197 1800 Prevenderoso
1212 1776 1286 1809 apud
1302 1777 1493 1808 supradictam
1512 1779 1626 1808 terram,
1645 1785 1728 1809 quam
1749 1778 1866 1801 tenebat
1885 1777 2028 1800 Martinus
2046 1774 2169 1798 Rubeus.

322 1822 403 1852 Item,
423 1829 510 1846 unum
530 1829 661 1852 campum
681 1822 754 1845 terre
773 1822 801 1845 et
819 1821 895 1853 prati
912 1822 941 1844 in
956 1820 1032 1844 dicta
1053 1822 1190 1851 contrata,
1211 1828 1264 1851 que
1283 1820 1432 1846 laborabat
1451 1821 1584 1853 Egidius.
1619 1822 1699 1852 Item,
1719 1829 1803 1846 unam
1818 1822 1928 1853 peciam
1941 1822 2016 1844 terre
2029 1827 2077 1844 sex
2097 1825 2169 1842 cam-

323 1874 425 1898 porum
445 1866 475 1890 in
495 1865 660 1889 Mardebreo
675 1865 749 1898 apud
768 1865 911 1898 Vanecam
931 1866 959 1888 et
977 1864 1053 1896 apud
1072 1864 1239 1896 Vianlgum,
1258 1872 1311 1896 que
1330 1865 1479 1889 laboratur
1497 1873 1548 1897 per
1567 1866 1733 1890 Martinumâ€š
1771 1866 1944 1894 Item,unam
1964 1865 2075 1896 peciam
2093 1864 2167 1886 terre

324 1913 390 1935 octo
408 1918 572 1943 camporum
588 1918 602 1933 a
617 1910 709 1933 Proha
729 1909 883 1941 Gualengiâ€š
902 1909 976 1942 apud
990 1909 1128 1933 fossatum
1141 1910 1169 1933 et
1184 1909 1257 1941 apud
1272 1909 1417 1941 quondam
1436 1909 1624 1938 Stacalocum,
1644 1912 1671 1934 et
1686 1910 1833 1934 laboratur
1847 1918 1896 1943 per
1909 1910 2010 1933 Fulcos
2023 1910 2051 1932 et
2065 1907 2167 1931 Mellos

322 1958 349 1980 et
369 1956 538 1980 Beltramem
552 1954 731 1986 Cacatorem.
766 1954 845 1983 Item,
865 1961 950 1977 unam
971 1954 1077 1986 petiam
1097 1956 1171 1978 terre
1189 1961 1238 1978 sex
1258 1961 1421 1987 camporum
1441 1956 1468 1978 et
1488 1955 1550 1986 plus
1571 1956 1601 1979 in
1621 1954 1774 1987 Rubigana
1793 1955 1936 1986 quondam
1955 1954 2031 1985 apud
2052 1952 2120 1976 illos
2133 1952 2167 1975 de

321 1999 483 2031 Silvacanm
503 2001 530 2023 et
549 1999 698 2023 laboratur
711 2006 760 2030 per
779 1998 992 2031 Fredenconem
1011 1999 1039 2022 et
1058 1998 1157 2022 Vitum
1177 1998 1306 2022 Mullum.
1344 1999 1423 2028 Item,
1441 2006 1526 2023 unam
1551 2001 1659 2032 peciam
1680 2002 1753 2023 terre
1779 2000 1904 2031 quinque
1923 2004 2095 2029 camporum,
2115 2003 2167 2027 que

320 2045 469 2068 tenebatur
482 2050 531 2076 per
543 2043 695 2067 Henricum
715 2043 835 2067 Fuscum
854 2044 882 2067 et
896 2041 1007 2067 Gislam
1021 2042 1170 2073 Paparam.
1195 2042 1275 2070 Item,
1288 2050 1375 2067 unum
1390 2050 1517 2075 campum
1531 2045 1558 2068 et
1573 2044 1695 2067 medium
1709 2046 1782 2068 terre
1801 2044 1832 2067 in
1851 2042 2003 2075 Rubigana
2021 2040 2165 2073 quondam

321 2089 396 2122 apud
409 2089 478 2112 illos
492 2088 525 2112 de
538 2087 693 2121 Silvacano
707 2089 735 2111 et
748 2087 896 2111 laboratur
910 2094 959 2118 per
972 2086 1192 2120 Fredenconem.
1216 2086 1294 2118 Item,
1308 2095 1396 2111 unum
1411 2095 1539 2119 campum
1553 2090 1627 2112 terre
1637 2088 1668 2112 in
1681 2088 1773 2112 Proha
1789 2088 1942 2117 Guaiterii,
1956 2087 2004 2118 qui
2018 2086 2166 2109 laboratur

320 2133 537 2166 pei-johannem
553 2131 642 2162 Carli,
662 2133 690 2156 et
709 2134 751 2156 est
770 2132 911 2156 livellum.
948 2131 1029 2161 Item,
1049 2139 1133 2156 unam
1153 2132 1260 2163 peciam
1280 2134 1362 2162 terre,
1375 2140 1428 2163 que
1441 2132 1589 2156 laboratur
1602 2141 1650 2164 per
1664 2132 1938 2164 dictumJohannem
1957 2138 2006 2163 per
2024 2129 2166 2154 livellum.

320 2178 400 2208 Item,
420 2186 504 2202 unam
526 2179 633 2209 peciam
653 2179 728 2201 terre
747 2177 832 2201 unius
853 2177 943 2208 campi
958 2177 988 2200 in
1002 2176 1164 2208 Rubigana,
1178 2184 1231 2208 que
1245 2177 1301 2201 fuit
1315 2178 1382 2201 anni
1398 2178 1466 2201 novi
1482 2179 1509 2201 et
1522 2178 1669 2201 laboratur
1683 2186 1731 2209 per
1744 2177 1960 2211 Fredenconem.
1985 2176 2065 2205 Item,
2079 2181 2165 2198 unam

321 2224 431 2255 peciam
451 2224 526 2247 terre
547 2223 577 2246 in
598 2222 713 2252 Braidoâ€š
733 2228 815 2253 quam
843 2221 990 2246 laborabat
1010 2222 1113 2246 Melius
1139 2221 1174 2245 de
1193 2222 1357 2255 Frucerino,
1377 2223 1405 2245 et
1423 2222 1544 2246 habebat
1570 2223 1663 2246 dietus
1683 2222 1786 2246 Melius
1809 2223 1844 2246 ab
1864 2222 1997 2246 ambabus
2023 2220 2164 2253 partibus.

320 2268 399 2295 Item,
425 2274 510 2291 unam
530 2267 639 2299 peciam
659 2269 733 2290 terre
750 2266 825 2298 apud
846 2265 1018 2295 Solarolum,
1032 2274 1116 2298 quam
1130 2266 1278 2290 laborabat
1290 2265 1460 2290 Mansretus.
1498 2266 1578 2297 Item,
1592 2274 1678 2290 unum
1692 2274 1820 2298 campum
1835 2268 1908 2290 terre
1922 2267 1951 2289 in
1965 2265 2076 2289 Praella
2089 2263 2164 2295 apud

320 2312 450 2336 braidum
477 2311 510 2335 de
530 2311 704 2343 presbyteris
723 2312 751 2334 et
772 2310 846 2342 apud
866 2310 979 2335 Mellos.
1015 2309 1096 2341 Item,
1109 2318 1194 2335 unam
1208 2311 1316 2343 peciam
1337 2312 1410 2334 terre
1429 2318 1444 2334 a
1459 2311 1597 2335 Botatolo
1611 2311 1754 2342 quondam
1774 2311 1848 2343 apud
1863 2311 2021 2343 predictum
2035 2308 2162 2337 Melium,

322 2356 395 2388 apud
415 2356 500 2380 viam.
537 2355 617 2384 Item,
638 2362 723 2379 unam
743 2356 852 2387 peciam
866 2356 941 2378 terre
956 2356 986 2378 in
1001 2354 1154 2386 Spigarola
1167 2355 1240 2387 apud
1255 2356 1373 2387 pontem
1393 2354 1427 2378 de
1441 2355 1538 2388 lapide
1551 2357 1579 2379 et
1598 2356 1671 2387 apud
1687 2363 1712 2386 qâ´
1734 2355 1909 2379 Garbionem
1922 2353 2059 2378 Enselmi.
2082 2352 2163 2381 Item,

321 2407 407 2425 unam
427 2400 537 2433 peciam
556 2401 629 2424 terre
649 2400 723 2432 apud
746 2400 893 2428 fossatum,
913 2407 995 2430 quam
1015 2399 1164 2424 laborabat
1184 2399 1352 2424 Palmerius.
1387 2399 1467 2428 Item,
1481 2407 1566 2423 unam
1582 2400 1690 2431 peciam
1710 2402 1782 2424 terre
1796 2401 1826 2424 in
1841 2400 2002 2432 Rubiganaâ€š
2020 2396 2162 2429 quondam

322 2445 396 2477 apud
415 2444 565 2468 Albertum
586 2444 730 2468 notarium
751 2446 779 2467 et
797 2444 873 2476 apud
893 2444 962 2467 illos
989 2444 1022 2468 de
1041 2443 1205 2476 Silvacano.
1240 2443 1320 2474 Item,
1345 2451 1429 2467 unam
1455 2444 1564 2475 peciam
1583 2446 1658 2468 terre
1678 2444 1708 2468 in
1731 2445 1828 2468 eadem
1854 2445 2013 2473 contracta,
2034 2448 2087 2473 que
2106 2440 2163 2464 fuit

320 2491 388 2513 anni
408 2490 487 2518 novi,
506 2488 648 2520 quondam
668 2488 742 2520 apud
763 2489 943 2520 supradictos
963 2488 1099 2512 dominos
1118 2488 1153 2512 de
1164 2488 1318 2520 Silvacano
1337 2490 1364 2512 et
1377 2488 1450 2521 apud
1463 2488 1622 2521 predictum
1638 2489 1785 2513 Albertum
1801 2490 1951 2513 notarium.
1977 2486 2058 2516 Item,
2076 2492 2161 2510 unam

320 2535 429 2565 peciam
449 2535 522 2557 terre
542 2534 570 2556 in
592 2533 689 2556 eadem
711 2534 852 2563 contrata,
873 2539 926 2564 que
944 2533 999 2556 suit
1014 2533 1086 2556 dicti
1105 2533 1174 2556 anni
1195 2534 1272 2564 novi,
1285 2532 1360 2564 apud
1376 2533 1514 2557 fossatum
1528 2535 1554 2556 et
1567 2533 1711 2563 quondam
1725 2533 1800 2564 apud
1815 2533 1960 2567 Masicum.
1983 2532 2062 2561 Item,
2076 2537 2161 2554 unam

319 2579 427 2609 peciam
447 2579 521 2601 terre
542 2585 556 2601 a
575 2577 668 2601 Proha
688 2575 833 2601 Gualterii
852 2577 886 2600 ab
906 2577 1040 2601 ambobus
1061 2577 1189 2609 partibus
1208 2577 1280 2601 olim
1300 2577 1393 2601 dictus
1413 2577 1547 2601 dominus
1566 2577 1714 2601 Americus
1734 2580 1762 2602 et
1775 2577 1849 2609 apud
1864 2579 1950 2601 viam.
1978 2576 2057 2604 Item,
2077 2581 2161 2599 unam

320 2624 428 2654 peciam
448 2625 521 2647 terre
541 2622 574 2646 ab
588 2622 681 2647 Orcha
701 2621 855 2653 Gualengi,
874 2622 1015 2653 quondam
1036 2622 1110 2654 apud
1130 2622 1317 2650 Stacanrom,
1336 2621 1410 2654 apud
1433 2622 1572 2646 fossatum
1593 2622 1705 2653 paludis
1725 2624 1752 2646 et
1773 2622 1847 2655 apud
1866 2622 1942 2646 filios
1960 2621 2045 2653 LupiÎ‡
2080 2620 2160 2649 Item,

319 2675 404 2691 unam
424 2668 532 2699 peciam
552 2669 626 2690 terre
644 2673 660 2690 a
679 2666 781 2698 Proha,
802 2667 946 2698 quondam
966 2667 1038 2698 apud
1059 2666 1086 2690 d.
1111 2666 1260 2690 Albertum
1281 2665 1381 2690 Barum
1401 2668 1428 2690 et
1451 2666 1596 2698 quondam
1616 2667 1691 2699 apud
1711 2667 1736 2691 d.
1755 2666 1939 2691 Scliinellam.
1977 2666 2055 2693 Item,
2075 2670 2159 2687 unam

319 2711 428 2743 peciam
447 2713 521 2735 terre
539 2711 569 2735 in
585 2710 758 2739 Mardebreo,
779 2718 862 2742 quam
882 2709 1020 2735 Calvetus
1038 2711 1194 2734 laborabat.
1222 2710 1302 2739 Item,
1321 2717 1404 2734 unani
1425 2712 1534 2743 peciam
1560 2713 1634 2735 terre
1654 2712 1684 2735 in
1705 2711 1800 2735 cadem
1821 2712 1951 2735 contrata
1969 2709 2043 2741 apud
2063 2715 2159 2739 supra-

317 2756 424 2780 dictam
443 2758 546 2780 terram
566 2758 594 2780 et
615 2756 688 2787 apud
708 2756 796 2780 viam.
831 2755 910 2786 Item,
931 2763 1017 2779 unam
1036 2755 1144 2787 peciam
1158 2757 1231 2779 terre
1244 2756 1272 2778 et
1291 2755 1365 2786 prati
1381 2755 1411 2778 in
1426 2754 1537 2779 Ronchi
1553 2755 1686 2786 Franclii,
1701 2756 1774 2789 apud
1790 2754 2018 2780 Mardebraidum
2037 2755 2065 2777 et
2085 2751 2157 2785 apud

318 2808 415 2824 nemus
434 2800 559 2825 Vianici.
596 2800 676 2830 Item,
696 2808 779 2824 unam
801 2802 909 2832 peciam
929 2802 1002 2825 terre
1015 2801 1045 2824 in
1060 2800 1250 2828 Prevendoso,
1270 2799 1413 2831 quondam
1427 2800 1501 2832 apud
1517 2800 1697 2824 flumisellum
1718 2803 1745 2825 et
1760 2800 1902 2831 quondam
1922 2799 1996 2832 apud
2015 2800 2158 2822 terrenum

319 2846 434 2870 comitis
454 2846 488 2869 de
507 2845 652 2870 Viccncia.
688 2845 768 2873 Item,
788 2853 844 2869 una
863 2847 971 2878 peciam
992 2847 1064 2869 terre
1084 2845 1113 2869 in
1134 2844 1278 2878 C,uchedo,
1294 2845 1365 2877 apud
1380 2845 1503 2876 priorem
1524 2847 1550 2869 et
1565 2846 1639 2877 apud
1654 2847 1728 2869 viam
1749 2847 1777 2869 et
1790 2844 1932 2876 quondam
1945 2843 2019 2876 apud
2034 2842 2157 2867 Manfre-

319 2890 417 2913 dinum
438 2890 559 2921 Ugonis.
594 2889 673 2919 Item,
691 2897 776 2913 unam
798 2890 906 2920 peciam
926 2891 999 2914 terre
1014 2891 1043 2913 in
1063 2889 1160 2913 eadem
1180 2890 1319 2917 contrata,
1333 2888 1476 2920 quondam
1491 2889 1565 2920 Â¹apud
1587 2889 1663 2913 filios
1677 2889 1821 2922 Â§achonis
1835 2891 1862 2913 et
1875 2889 2018 2920 quondam
2038 2886 2112 2919 apud
2131 2885 2158 2910 d.

317 2934 500 2959 Schinellam.
537 2934 617 2964 Item,
631 2941 716 2958 unam
731 2934 841 2966 peciam
856 2936 928 2958 terre
944 2936 972 2958 in
988 2935 1083 2959 eadem
1104 2936 1244 2964 contrata,
1257 2933 1400 2964 quondam
1414 2933 1488 2964 apud
1508 2933 1624 2958 Mclium
1643 2936 1672 2958 et
1685 2933 1829 2965 quondam
1844 2933 1917 2965 apud
1932 2933 1959 2959 d.
1974 2931 2156 2957 Schinellam.

2210 750 2240 775 10

2209 971 2239 997 15

2204 1191 2239 1217 20

2201 1413 2235 1440 25

2200 1635 2236 1662 30

2197 1858 2231 1884 35

2197 2080 2232 2107 40

2193 2303 2227 2329 45

2191 2526 2227 2552 50

2189 2747 2223 2773 55

318 2977 396 3009 Item,
417 2987 501 3003 unam
523 2980 630 3010 peciam
649 2980 722 3003 terre
747 2979 777 3003 in
804 2980 936 3003 contrata
962 2979 1152 3012 Brogamolleâ€š
1179 2979 1324 3010 quondam
1345 2979 1416 3011 apud
1444 2978 1518 3002 filios
1539 2987 1564 3010 q.
1580 2979 1712 3010 Jacobini
1732 2979 1834 3010 Figure
1859 2981 1886 3002 et
1912 2978 2054 3009 quondam
2079 2977 2154 3009 apud
2185 2974 2221 3001 60
