2290 3449
39 814 76 846 10

40 1079 78 1111 15

39 1346 81 1377 20

40 1611 82 1644 25

41 1933 82 1964 30

63 2577 95 2595 10

66 2784 94 2810 15

64 3000 98 3018 20

455 203 626 240 GESTA
655 203 960 240 MAGNIFICA
988 203 1172 240 DOMUS
1203 202 1594 240 CARRARIENSIS

102 335 138 367 di
162 336 358 368 medesemo
382 345 494 367 meser
517 335 591 367 Can
615 335 696 367 dala
719 335 833 373 Scala,
862 335 1002 367 habuda

102 389 135 421 13
158 388 306 426 110νο113,
331 389 376 420 (13
398 389 541 421 Verona
566 388 709 420 cavalco
727 399 747 420 a
762 388 932 429 Vicenca,
957 393 1002 424 et,

102 442 260 482 veoando
283 441 293 472 i
310 441 441 473 Pavani
464 451 569 482 senca
592 442 736 479 ordene,
752 441 835 474 dadi
852 442 919 473 alle
934 441 1000 472 las-

101 494 185 526 sivie
210 500 244 526 et
259 494 326 526 3110
341 494 489 536 robarie,
507 495 619 527 subito
635 495 678 526 fe'
696 495 824 527 assalto
840 494 875 525 in
892 492 1003 536 quini,

102 547 112 578 i
137 547 229 589 quali
253 547 500 579 incontenente
525 548 593 580 ello
617 548 782 580 sconfisse
806 553 840 579 et
864 556 949 589 pose
966 545 1002 576 in

103 602 198 642 fuga,
221 599 257 631 di
286 601 468 633 sovraditti
493 601 625 632 Pavani
650 601 746 632 molti
769 600 880 643 prima
903 596 1004 630 morti

103 660 137 685 et
160 653 257 685 molti
281 654 421 686 menadi
452 655 589 695 presoni
614 656 738 687 dentro
763 653 808 685 da
834 653 1003 693 Vicenea.

104 707 176 738 Tra
193 706 201 736 i
220 706 301 748 qual
317 707 456 748 presoni
475 708 511 738 fo
529 708 561 739 ei
579 707 788 750 magnificho
805 704 1004 739 chavaliero

104 768 216 790 meser
247 759 385 791 Iacomo
417 760 548 802 grande
581 761 626 792 da
661 760 818 796 Carrara,
852 758 882 790 el
914 757 1006 800 qual,

104 811 241 843 bench&
267 812 301 843 in
325 813 441 855 quella
466 813 561 854 cuffa
584 813 676 844 fesse
700 813 805 844 molte
830 821 910 844 cose
937 811 1008 841 lau-

105 864 231 896 devole
255 876 318 908 per
341 876 400 898 soa
423 867 542 898 salude
567 872 601 898 et
622 876 686 908 per
702 866 836 896 deffesa
853 871 888 896 et
903 873 1006 906 guar-

106 919 270 951 damento
294 919 337 951 de
355 919 527 952 l’esercito
545 929 669 960 pavan,
685 929 751 960 pur
768 929 813 950 no
832 917 1007 959 possando

107 982 297 1014 componet
327 979 362 1004 et
392 973 517 1004 redure
548 971 594 1003 ad
625 982 694 1003 uno
723 972 757 1003 13
787 971 1007 1004 moltitudine

106 1025 352 1063 disordenada,
382 1027 452 1058 imo
482 1026 520 1057 fo
543 1032 595 1057 tra
618 1025 629 1056 i
654 1025 731 1057 altri
764 1025 915 1067 presoni,
940 1024 1006 1056 che

106 1078 143 1110 fo
161 1078 300 1110 menadi
325 1080 448 1112 dentro
463 1079 507 1110 da
524 1078 691 1119 Vicenca.
721 1077 853 1110 Siando
870 1076 1008 1110 doncha

107 1131 139 1162 ei
156 1131 245 1164 ditto
260 1142 372 1164 meser
396 1132 535 1164 Iacomo
559 1131 709 1164 menado
734 1141 860 1173 preson
884 1131 1007 1163 dentro

107 1184 152 1216 da
176 1184 332 1226 Vicenca
355 1191 389 1217 et
411 1183 526 1216 ferido
549 1185 642 1216 nella
665 1184 801 1228 gamba‚
825 1184 893 1216 ello
917 1184 1007 1215 disse

108 1248 127 1268 a
151 1238 254 1276 colui,
278 1240 321 1270 de
346 1238 426 1270 chui
451 1238 518 1269 ello
544 1249 604 1270 era
626 1239 756 1280 prison,
784 1239 850 1270 che
884 1238 915 1269 ie
947 1238 1009 1269 de-

107 1291 280 1332 503103550
303 1291 334 1323 10
359 1301 491 1329 nrnese,
515 1291 647 1333 perche
664 1292 732 1324 ello
757 1292 782 1324 il
800 1292 898 1323 fasea
922 1300 1009 1333 gran

109 1345 187 1377 noia
212 1344 279 1376 alla
302 1344 426 1376 fetida.
474 1345 517 1376 El
540 1346 622 1387 qual
646 1356 683 1377 so
707 1344 858 1384 maistro,
878 1343 1011 1376 descal-

111 1398 224 1438 0311ᾶο
256 1398 287 1429 01
317 1397 405 1430 ditto
437 1407 549 1430 meser
585 1399 737 1436 Iacomo,
769 1409 813 1430 no
844 1408 952 1440 sappe
984 1396 1012 1428 51

110 1452 351 1483 dextramente
374 1452 460 1491 fare,
485 1452 549 1483 che
574 1451 642 1482 ello
672 1462 717 1484 no
750 1452 842 1483 fesse
866 1451 954 1482 male
979 1449 1012 1481 al

109 1506 305 1536 sovraditto
328 1515 442 1536 meser
465 1505 615 1542 Iacomo,
641 1504 672 1537 01
692 1504 783 1547 qual,
801 1504 1012 1546 impaciente

111 1557 154 1590 de
180 1557 213 1589 la
230 1558 321 1596 doia‚
337 1557 460 1598 alcada
477 1557 509 1589 13
533 1568 623 1595 111311,
641 1558 695 1589 (10’
713 1569 758 1590 1111
775 1565 860 1600 gran
878 1556 1012 1588 boffeto

111 1610 255 1643 alvditto
285 1621 324 1643 so
356 1611 507 1644 maistre.
555 1610 601 1642 Al
633 1611 713 1653 qual
745 1611 803 1652 poi
834 1610 922 1643 tolto
950 1620 1013 1652 per

111 1675 224 1697 meser
247 1665 332 1703 Can,
350 1675 418 1697 con
440 1665 559 1707 alguni
577 1664 654 1696 altri
672 1664 708 1696 fo
725 1665 874 1696 menado
899 1674 919 1694 a
943 1663 1013 1695 Ve-

110 1728 206 1755 rona,
231 1724 265 1750 et
288 1719 359 1750 cosi
386 1724 472 1750 stete
504 1718 551 1749 fin
574 1718 640 1749 che
672 1717 770 1759 segni
795 1718 828 1748 13
853 1727 947 1758 pase,
979 1717 1011 1747 la

111 1771 192 1813 qual
216 1772 310 1804 facta
335 1771 494 1803 eciandio
519 1771 608 1802 have
631 1771 746 1814 pocha
777 1771 920 1803 durada.

203 1879 243 1911 69
268 1878 346 1920 [31].
368 1896 408 1900 -—
425 1878 477 1910 La
493 1888 587 1919 pase,
604 1888 705 1910 como
721 1878 834 1910 scrive
850 1877 1011 1909 Albertin

111 1931 277 1970 Mussato,
293 1937 396 1973 poeta
411 1942 524 1973 pavan
541 1937 576 1964 et
589 1932 745 1964 etiandio
757 1931 902 1973 inimigo
918 1930 1012 1962 della

115 1995 196 2016 casa
213 1985 257 2017 da
273 1985 432 2022 Carrara,
454 1984 552 2027 segui
578 1986 614 2016 in
638 1991 758 2029 questa
782 1985 906 2016 forma.
955 1985 1010 2016 No

114 2038 288 2070 habiando
320 2038 352 2070 al
383 2044 521 2080 postuto
551 2049 662 2070 meser
692 2039 767 2070 Can
797 2038 877 2070 dala
908 2037 1010 2070 Scala

208 2190 214 2205 ¹
236 2189 385 2221 Mussmo,
402 2192 444 2215 De
454 2195 537 2223 gest„
552 2191 597 2221 v1,
613 2198 626 2216 2
642 2191 743 2224 (Mum,
757 2192 790 2222 X,
804 2191 882 2225 649)2
897 2193 910 2206 ¹‘
923 2192 1013 2216 Fran-

119 2231 131 2243 “
145 2232 275 2257 cischino
290 2246 322 2250 —
335 2232 466 2258 Veronae
479 2241 545 2258 cura
559 2236 712 2258 commissa
724 2248 756 2252 —
767 2235 832 2258 solo
848 2235 1016 2266 insequente

123 2274 136 2287 “
148 2276 238 2299 altero
258 2274 297 2298 Vi
308 2282 371 2299 cen
382 2277 393 2299 t
403 2276 412 2299 1
422 2283 438 2299 a
448 2283 474 2299 m
495 2278 549 2300 iter
569 2277 694 2308 arripuit
706 2296 728 2309 η.

209 2315 219 2332 2
239 2318 388 2348 MUSSATQ
402 2319 446 2342 De
455 2319 553 2351 gestis,
568 2319 614 2348 VI,
632 2327 642 2343 1
661 2319 761 2349 (Μαι,
776 2319 807 2350 X,
824 2319 901 2350 648):
917 2320 1016 2344 Vanne

119 2359 262 2383 domanda
282 2359 332 2383 che
351 2361 376 2383 si
395 2360 518 2384 conceda
538 2362 564 2384 ai
584 2361 689 2385 soldati
709 2361 755 2385 far
768 2362 854 2393 preda
868 2361 913 2385 del
926 2362 1017 2394 borgo

120 2404 270 2433 occupato,
290 2409 304 2425 e
324 2403 434 2426 ottiene
453 2410 609 2432 consenso:
630 2403 764 2428 “iniussa
784 2404 887 2436 praeda
907 2412 941 2428 ex
968 2405 1017 2428 im-

122 2444 135 2457 44
146 2445 270 2476 portuna
313 2444 567 2475 stipendiariorum
600 2445 621 2469 P
631 2454 644 2469 a
655 2445 773 2470 duano
786 2454 823 2470 ru
833 2455 858 2470 m
869 2454 884 2477 q
895 2454 911 2470 11
921 2454 935 2470 0
968 2447 1018 2470 13-

125 2485 138 2498 “
149 2494 161 2510 5
173 2487 232 2509 civ
245 2487 276 2510 ia
297 2486 421 2518 undique
441 2486 605 2511 luxuriabat
615 2505 639 2518 η.

211 2526 222 2543 ³
249 2528 456 2552 “inordinatos
469 2547 481 2560 η
494 2539 526 2550 =
538 2530 571 2558 A,
595 2536 645 2561 302
661 2530 852 2555 “inordinate
873 2533 1019 2555 manentes

126 2571 139 2584 “
150 2571 184 2594 ad
206 2578 328 2603 pugnam
339 2587 346 2595 .
358 2589 363 2594 .
376 2589 381 2594 .
394 2589 399 2594 .
420 2571 587 2596 interfectos
599 2589 624 2602 „.

212 2611 221 2628 ⁴
241 2613 388 2643 Mus-saro,
410 2614 453 2636 De
469 2614 566 2645 gestis,
586 2614 632 2642 VI,
655 2621 668 2638 2
690 2615 789 2647 (Mum,
810 2615 844 2643 X,
864 2614 945 2647 650):
962 2616 1019 2639 “ex

125 2656 205 2687 “quo
225 2655 259 2679 ad
280 2655 442 2686 proeliandi
465 2656 630 2680 facultatem
649 2657 781 2681 hostibus
803 2665 861 2682 non
887 2658 1020 2682 obstabat

125 2698 299 2729 “imparitas
318 2699 415 2728 sicque
436 2699 465 2721 in
486 2698 581 2722 fronte
600 2699 692 2730 prima
718 2700 799 2724 rebus
828 2700 1020 2732 improeliatis

125 2740 265 2771 “ignarae
290 2746 382 2762 rerum
409 2740 567 2770 postremae
597 2740 798 2765 Paduanorum
824 2742 951 2766 militum
976 2749 1020 2766 so-

126 2781 277 2810 “cietates,
295 2788 366 2812 quae
385 2788 463 2812 arma
483 2781 622 2806 laceratae
647 2782 714 2806 hinc
738 2785 765 2807 et
791 2783 859 2807 hinc
886 2791 1021 2808 assumse-

129 2823 141 2836 “
153 2825 231 2847 rant.
245 2842 250 2847 .
261 2839 269 2847 .
282 2840 287 2846 .
318 2824 412 2855 fugam
443 2831 573 2856 accepere
585 2843 590 2848 .
601 2841 608 2848 .
619 2841 626 2848 .
636 2843 641 2848 .
674 2832 794 2856 quorum
823 2833 887 2858 pars
919 2833 1021 2850 somno

127 2865 141 2878 “
153 2866 356 2898 expergefacti,
386 2873 448 2897 pars
475 2867 742 2891 commessationum
767 2869 900 2899 propinis
925 2870 1022 2900 gravis

127 2908 139 2920 ¹‘
153 2915 301 2940 assurgens
330 2908 425 2932 nescia
438 2926 443 2932 .
456 2927 461 2932 .
472 2925 479 2932 .
491 2927 496 2932 .
524 2915 573 2940 spe
602 2909 740 2933 destituta
769 2909 903 2942 diffugere
915 2919 940 2941 κς
973 2911 1020 2944 ivi,

125 2951 182 2975 col.
201 2949 269 2981 651:
292 2949 458 2982 “quotquot
477 2952 579 2975 annixi
609 2951 767 2976 virtutibus
784 2954 909 2984 patrium
932 2953 1023 2977 hono-

127 2993 208 3017 “rem
222 2999 411 3026 praeposuere
430 2993 606 3025 corporibus,
628 2994 816 3024 consternati,
835 2996 909 3019 caesi
934 2997 1022 3027 capti-

1055 344 1141 366 rona
1158 333 1355 365 Vicentiam
1372 334 1380 350 ¹
1406 335 1656 375 superveniens
1673 336 1833 368 dominus
1848 336 1953 368 Canis

1056 387 1135 418 dela
1165 386 1268 418 Scala
1299 386 1577 429 Paduanosque²
1608 389 1779 430 aspiciens
1804 390 1952 422 lasciviis

1057 439 1195 471 deditos
1211 445 1245 470 et
1259 439 1475 471 inordinatos
1488 439 1498 455 ³
1523 442 1567 472 ad
1584 452 1734 483 pugnam
1749 443 1771 480 ⁴,
1789 454 1866 474 cum
1885 444 1953 474 suis

1056 491 1090 523 in
1114 492 1207 533 ipsos
1232 492 1318 524 fecit
1348 492 1522 530 insultum,
1546 504 1631 536 quos
1664 506 1742 527 mox
1777 497 1890 537 posuit
1919 497 1953 527 in

1057 545 1267 585 conflictum,
1281 545 1462 588 multisque
1481 557 1522 577 ex
1539 547 1588 577 eis
1605 548 1811 586 interfectis,
1830 549 1955 581 multos

1058 597 1093 629 in
1104 598 1302 631 vicentiam
1314 598 1472 641 captivos
1490 600 1645 632 adduxit.
1682 601 1777 634 Inter
1794 612 1879 644 quos
1893 603 1956 634 mi-

1057 651 1108 683 les
1124 652 1190 683 fuit
1204 653 1405 694 magnificus
1428 652 1585 684 dominus
1609 653 1755 685 Iacobus
1773 655 1816 686 de
1833 655 1956 687 Carra—

1058 704 1121 742 ria,
1146 705 1214 747 qui,
1231 705 1295 737 etsi
1309 709 1319 725 ⁵
1344 706 1451 737 multa
1469 716 1532 747 pro
1548 717 1685 738 suorum
1705 708 1813 739 salute
1837 714 1872 740 et
1896 719 1957 740 sua

1058 759 1163 800 gessit
1194 758 1401 791 defensione
1429 765 1570 790 strenua
1602 766 1637 791 et
1667 760 1770 790 armis
1806 762 1955 803 egregia,

1059 810 1225 842 inhabilis
1249 817 1364 843 tamen
1381 822 1422 843 30
1447 813 1618 853 impotens
1643 813 1874 844 inordinatam
1899 825 1953 855 pa-

1061 864 1208 895 duanam
1256 865 1373 896 cohire
1418 865 1683 903 moltitudinem,
1724 867 1958 907 captivitatem

1061 917 1215 949 evadere
1233 927 1302 949 non
1318 918 1427 950 valuit
1443 918 1561 960 sicque
1578 919 1614 949 in
1629 918 1834 950 Vicenciam
1851 921 1960 960 capti-

1061 981 1124 1002 vus
1152 970 1349 1003 abducitur.
1395 971 1464 1002 Hic
1500 971 1659 1013 captivus
1694 972 1871 1015 cuiusdam
1896 973 1961 1004 fuit

1060 1023 1205 1055 ruralis:
1229 1035 1330 1067 quem
1348 1025 1430 1057 dum
1448 1024 1492 1056 ad
1509 1035 1545 1056 se
1571 1024 1844 1057 discalciandum
1864 1036 1963 1057 arne-

1062 1076 1123 1107 siis
1154 1077 1345 1116 invitasset,
1378 1088 1527 1120 cumque
1558 1080 1707 1110 rusticus
1737 1078 1823 1120 ipse,
1858 1090 1962 1121 quum

1061 1129 1096 1161 in
1123 1139 1225 1161 crure
1256 1131 1394 1163 saucius
1418 1137 1503 1169 erat,
1527 1131 1723 1174 aliqualiter
1752 1133 1962 1171 colledisset‚

1062 1183 1153 1214 idem
1178 1184 1338 1215 dominus
1356 1184 1503 1216 Iacobus
1526 1185 1691 1216 rusticum
1717 1185 1827 1227 ipsum
1851 1186 1964 1218 incre-

1064 1246 1160 1277 pans,
1184 1238 1278 1279 quod
1302 1238 1377 1279 ipse
1402 1237 1596 1275 collideret,
1626 1248 1703 1269 eum
1733 1238 1862 1270 colaffo
1887 1249 1965 1280 per-

1066 1290 1182 1323 cussit.
1230 1289 1303 1323 Sed
1334 1302 1404 1323 non
1435 1291 1540 1323 multo
1573 1297 1653 1332 post
1682 1291 1773 1323 idem
1807 1292 1966 1324 dominus

1064 1344 1212 1376 Iacobus
1247 1345 1291 1376 de
1329 1344 1487 1377 manibus
1521 1344 1629 1386 ipsius
1666 1344 1825 1376 eximitur
1861 1351 1897 1377 et
1930 1345 1964 1377 in

1064 1397 1211 1430 forciam
1244 1398 1468 1440 consignatur
1499 1398 1532 1430 d.
1564 1398 1680 1435 Canis,
1712 1398 1830 1440 sicque
1862 1399 1967 1437 stetit,

1067 1452 1181 1483 donec
1206 1461 1285 1492 pax,
1309 1457 1346 1482 ut
1376 1451 1433 1482 hic
1463 1451 1555 1483 infra
1584 1451 1721 1493 legitur,
1752 1457 1870 1483 secuta
1904 1459 1967 1490 est,

1065 1516 1131 1547 que
1154 1514 1268 1546 pauco
1293 1510 1408 1536 tamen
1436 1510 1594 1546 ternpore
1618 1504 1832 1546 perduravit.

1156 1879 1208 1910 69.
1233 1878 1310 1919 [31].
1337 1896 1379 1900 ——
1402 1878 1475 1910 Pax
1498 1883 1625 1916 autem,
1642 1884 1679 1910 ut
1695 1877 1869 1911 Mussatus
1886 1881 1970 1912 scri-

1066 1933 1126 1970 bit,
1152 1932 1219 1963 hoc
1243 1931 1346 1963 modo
1371 1937 1490 1963 secuta
1522 1938 1583 1963 est.
1630 1932 1716 1964 Cum
1742 1932 1881 1973 penitus
1911 1935 1971 1965 de-

1065 1990 1221 2027 speraret
1245 1985 1277 2016 d.
1303 1980 1409 2017 Canis
1433 1985 1476 2016 de
1501 1985 1677 2017 habitione
1702 1985 1822 2017 Padue
1851 1986 1972 2019 civita-

1064 2041 1108 2073 tis
1118 2038 1140 2075 ⁰,
1166 2038 1385 2081 magnificum
1403 2037 1579 2070 dominum
1604 2038 1767 2070 Iacobum
1785 2038 1828 2070 de
1845 2039 1969 2072 Carra-

1070 2192 1146 2224 “que
1167 2193 1241 2215 sunt.
1279 2191 1356 2215 Inter
1376 2199 1472 2216 caesos
1492 2196 1540 2216 etc.
1615 2192 1704 2218 Caesa
1724 2193 1814 2225 igitur
1834 2194 1888 2217 hoc
1906 2201 1971 2217 con-

1074 2234 1086 2247 ‘¹
1099 2235 1184 2258 flictu
1204 2233 1406 2257 Paduanorum
1426 2240 1461 2258 ex
1481 2235 1590 2266 agnitis
1604 2254 1617 2266 ‚‚
1638 2239 1688 2259 etc.

1159 2275 1170 2291 ⁵
1197 2277 1271 2307 “qui
1296 2277 1351 2300 etsi
1377 2290 1409 2293 —
1436 2277 1675 2307 multitudinem„
1695 2286 1728 2298 Ξ
1749 2278 1896 2309 MussAro,
1928 2279 1971 2302 De

1069 2319 1166 2350 gestis,
1187 2317 1234 2348 VI,
1257 2324 1270 2341 2
1298 2317 1398 2348 (Mum,
1425 2318 1458 2346 X,
1485 2316 1568 2349 650):
1598 2318 1611 2331 ‘⁴
1624 2319 1743 2343 Iacobus
1771 2320 1804 2343 de
1830 2318 1973 2348 Carraria.

1074 2360 1085 2372 ·‘
1098 2361 1145 2385 cui
1166 2360 1286 2384 mordax
1306 2360 1437 2384 omnium
1457 2361 1647 2384 levandorum
1668 2361 1837 2385 sollicitudo
1852 2369 1973 2393 curaque

1075 2403 1089 2417 “
1103 2404 1189 2435 patrii
1211 2402 1331 2426 honoris
1351 2402 1452 2426 tuendi
1475 2403 1539 2432 fuit,
1555 2404 1589 2427 ad
1605 2405 1727 2435 primurn
1741 2404 1895 2428 tumultum
1911 2412 1972 2428 cum

1075 2446 1088 2459 “
1100 2445 1267 2470 necessariis
1288 2453 1318 2468 ac
1341 2445 1494 2476 nepotibus
1515 2453 1687 2477 suorumque
1701 2447 1853 2470 consortio
1868 2448 1900 2471 ad
1917 2447 1974 2471 cal-

1074 2489 1132 2512 “lis
1153 2488 1277 2512 frontem
1304 2489 1332 2511 in
1365 2489 1462 2518 pontis
1484 2489 1620 2520 opposito
1651 2495 1709 2512 sese
1738 2490 1884 2519 contulit·‚
1911 2497 1972 2513 cum

1076 2531 1200 2561 Hisque,
1220 2537 1291 2561 quos
1311 2530 1341 2553 in
1363 2537 1451 2553 unum
1472 2537 1555 2561 agere
1582 2538 1597 2554 v
1610 2531 1723 2560 aluit,
1750 2538 1777 2554 se
1801 2532 1874 2555 Cani
1896 2538 1972 2563 egre—

1074 2572 1086 2584 “
1100 2573 1301 2603 dientibusque
1320 2572 1453 2596 hostibus
1473 2573 1582 2596 obiecit
1595 2582 1622 2604 „;
1644 2573 1693 2603 ivi,
1708 2573 1763 2597 col.
1779 2572 1844 2604 651:
1865 2572 1877 2585 ‘⁴
1891 2575 1918 2597 et
1939 2575 1973 2597 si-

1077 2616 1090 2628 “
1104 2615 1218 2646 quidem
1238 2614 1356 2638 Iacobus
1378 2614 1410 2637 de
1431 2614 1565 2638 Carraria
1587 2615 1631 2638 vel
1658 2616 1811 2639 fortiorum
1832 2616 1972 2647 quispiam

1075 2658 1087 2670 “
1102 2658 1130 2680 in
1157 2656 1308 2680 adversum
1334 2658 1454 2687 urgeret,
1481 2663 1497 2680 3
1524 2664 1639 2681 suorum
1665 2657 1839 2689 fugientium
1866 2658 1975 2689 impetu

1075 2700 1087 2712 ‘¹
1100 2700 1260 2724 violentius
1280 2699 1497 2727 evertebatur...
1529 2698 1575 2723 Cf.
1595 2707 1664 2732 pure
1678 2700 1729 2729 iri,
1744 2700 1792 2729 VI,
1807 2708 1831 2731 4,
1845 2701 1900 2724 col.
1915 2699 1974 2731 653.

1165 2739 1175 2755 5
1191 2741 1339 2769 Mnssno,
1355 2742 1398 2765 De
1409 2741 1570 2773 gest1's‚VI,
1584 2749 1599 2772 4
1613 2741 1715 2773 (Mum,
1729 2741 1762 2769 X,
1777 2741 1854 2772 654):
1872 2742 1883 2754 “
1896 2742 1977 2766 Unde

1079 2783 1140 2807 “iis
1156 2783 1241 2807 simul
1256 2785 1350 2807 causis
1366 2783 1465 2807 oblata
1480 2784 1569 2808 Canis
1583 2785 1677 2807 omnis
1693 2784 1884 2815 promovendi
1897 2791 1977 2809 exer-

1079 2824 1177 2849 “citus
1198 2833 1260 2857 spes
1274 2825 1397 2849 ulterius
1418 2826 1448 2849 in
1464 2826 1613 2850 Paduanos
1628 2826 1781 2857 quidquam
1798 2826 1905 2850 hostile
1919 2834 1976 2850 mo-

1077 2867 1200 2898 ·'‘liendi‚
1224 2869 1332 2891 interea
1353 2868 1504 2891 admodum
1519 2868 1679 2892 honoratos
1701 2868 1835 2892 Iacobum
1856 2870 1883 2893 et
1901 2869 1978 2893 Van-

1080 2909 1092 2922 “
1106 2917 1170 2933 nem
1183 2910 1272 2934 Canis
1284 2918 1345 2934 eum
1360 2911 1526 2942 proceribus
1542 2912 1569 2934 et
1585 2910 1733 2934 sodalibus
1751 2911 1810 2935 suis
1825 2911 1885 2935 alto
1899 2911 1978 2944 pala-

1080 2953 1092 2965 ‘¹
1104 2954 1146 2977 tio
1160 2954 1282 2977 comiter
1295 2953 1405 2976 habuit.
1433 2952 1535 2977 Multis
1550 2953 1665 2977 solatiis
1679 2954 1850 2986 jocabundis
1869 2957 1896 2978 et
1917 2961 1977 2978 ver—

1079 2995 1091 3008 ‘¹
1106 2996 1149 3019 bis
1164 2995 1329 3027 plerumque
1354 2996 1536 3020 mordacibus
1558 2996 1736 3028 facetiisque.
1747 3015 1752 3020 .
1764 3013 1771 3020 .
1784 3013 1790 3020 .
1804 2996 1945 3021 collusere
1955 3013 1977 3026 η.

2001 2368 2032 2393 ²5

2002 2583 2036 2608 30

2005 2790 2036 2816 35

2005 3003 2039 3028 40
