2290 3449
294 215 368 250 216
646 213 817 248 GESTA
845 213 1150 249 MAGNIFICA
1180 213 1366 248 DOMUS
1394 213 1779 250 CARRARIENSIS

291 349 438 379 sessioneS,
459 355 512 379 que
531 348 597 371 sunt
615 348 646 371 in
668 346 749 371 villis
768 346 796 371 S.
813 346 878 378 Siri,
906 347 995 376 Cone,
1015 347 1205 376 Armentarie‚
1227 347 1284 371 suis
1305 347 1465 371 confinibus
1484 348 1512 371 et
1531 348 1697 379 territoriis,
1718 356 1780 373 cum
1807 349 1939 373 omnibus
1958 349 2017 372 suis
2042 349 2134 378 bonis,

291 392 529 425 possessionibus,
548 391 704 415 territoriis
724 393 751 415 et
771 391 898 420 decimis,
916 393 944 415 et
964 399 1026 415 eum
1046 393 1110 415 toto
1129 391 1273 416 castellari
1294 390 1320 415 S.
1340 390 1399 415 Siri
1418 392 1446 415 et
1466 392 1541 415 circa
1560 391 1659 416 foveas
1679 394 1770 424 ipsius
1789 393 1957 423 castellaris,
1979 392 2133 417 secundum

291 437 367 468 quod
387 437 500 460 tenebat
520 443 568 459 seu
581 437 732 459 consuetus
745 438 805 460 erat
814 438 914 460 tenere
934 438 962 459 et
976 436 1122 467 possidere
1139 444 1166 467 q.
1179 436 1366 468 d.Jacobinus
1386 436 1479 460 dictus
1493 435 1640 468 Papasava
1655 437 1688 461 de
1702 436 1837 462 Carraria
1851 438 1881 461 in
1902 438 1988 461 dictis
2008 437 2090 461 villis
2107 439 2135 462 et

292 482 349 506 suis
369 481 559 510 districtibus,
578 481 705 512 exceptis
724 481 843 504 vasallis
862 482 889 504 et
909 482 997 504 servis
1022 482 1050 504 et
1069 487 1164 504 eorum
1179 481 1274 509 bonis,
1286 482 1314 504 et
1328 480 1409 504 debet
1423 487 1506 512 posse
1523 482 1618 505 venire
1632 481 1667 505 ad
1681 488 1767 506 unum
1781 483 1972 506 casamentum
1987 489 2070 513 super
2089 489 2135 513 ag-

291 533 391 558 gerem,
413 524 488 557 quod
507 525 655 549 habitatur
680 532 729 556 per
753 524 929 556 Pasqualem,
955 526 1030 556 quod
1056 527 1249 549 casamentum
1274 528 1316 549 est
1343 526 1419 549 dicte
1444 525 1535 556 partis
1559 525 1586 549 S.
1606 525 1664 549 Siri
1683 528 1711 550 et
1731 526 1812 550 debet
1837 533 1896 550 esse
1921 526 2007 550 unius
2032 526 2134 558 campi,

292 571 365 594 iacet
383 570 491 593 dictum
510 571 702 593 casamentum
722 570 798 593 inter
823 570 930 600 partem
950 569 1021 593 ville
1041 570 1122 601 Agne
1142 572 1169 594 et
1188 570 1370 602 Anguillarie
1390 569 1533 593 veniendo
1547 570 1582 593 ad
1603 570 1702 594 villam
1716 569 1742 595 S.
1757 570 1814 595 Siri
1834 578 1883 602 per
1896 571 1972 595 viam
1991 570 2135 594 Albarelli

293 621 388 638 versus
410 614 548 637 fossatum
568 621 684 643 novum,
703 615 731 637 et
750 613 831 637 venit
851 620 938 644 usque
957 613 992 637 ad
1013 614 1106 637 locum
1126 614 1234 638 dictum
1254 614 1374 638 Venlurn
1397 616 1425 638 et
1443 615 1543 646 postea
1563 614 1630 637 serit
1643 621 1727 646 super
1741 622 1860 646 agerem.
1897 615 1932 639 Et
1946 615 1979 639 de
1992 615 2135 638 comitatu

290 659 351 682 sive
365 658 514 682 territorio
534 658 603 682 ville
623 658 705 689 Agne
725 657 827 681 dantur
846 659 874 681 et
893 657 1090 690 adiunguntur
1108 659 1183 682 dicte
1200 659 1276 690 parti
1295 658 1321 683 S.
1340 658 1397 682 Sir-i
1411 658 1467 682 ista
1480 658 1553 681 bona
1568 658 1645 682 infra
1659 659 1773 690 scripta.
1809 659 1842 682 In
1857 659 1969 690 primis,
1981 659 2056 683 circa
2069 660 2135 682 octo

293 709 407 734 campos
419 703 447 725 et
466 701 619 726 dimidium
638 703 668 725 et
687 701 838 726 dimidiam
858 702 995 734 perticam
1010 704 1081 726 terre
1096 703 1219 727 aratorie
1239 705 1266 726 et
1285 703 1421 734 pratalee,
1432 703 1555 735 jacentis
1575 703 1605 726 in
1627 702 1760 726 districtu
1775 702 1846 726 ville
1858 703 1949 735 Agne,
1965 703 2014 727 ubi
2028 702 2135 727 dicitur

292 746 448 778 Caperneo,
469 746 583 770 coheret
603 754 617 770 a
638 746 746 770 duabus
770 746 901 777 partibus
927 746 1020 770 dictus
1046 746 1186 776 dominus,
1212 749 1238 771 et
1264 747 1410 780 laboratur
1429 754 1478 779 per
1503 754 1565 770 eum
1586 747 1745 772 dominum.
1781 746 1862 776 Item,
1882 747 2020 771 decimam
2040 747 2132 771 decem

291 793 318 814 et
338 792 443 822 septem
464 797 627 822 camporum
648 790 764 814 illorum
784 790 818 814 de
839 789 1010 822 Capefflnis,
1029 791 1139 815 scilicet
1158 793 1231 815 terre
1249 792 1374 815 aratorie
1394 791 1507 815 Beraldi
1527 791 1560 815 de
1578 790 1606 820 S,
1624 790 1689 814 Siro
1703 792 1731 814 et
1746 790 1887 822 Johannis
1900 791 1996 820 Mutii,
2013 791 2137 824 jacentis

291 836 321 859 in
335 835 433 859 eodem
448 835 523 864 loco,
542 835 655 859 coheret
675 835 708 858 ab
729 841 785 858 una
805 836 885 867 parte
906 835 961 863 via,
981 835 1016 858 ab
1036 835 1093 859 alia
1112 835 1187 859 idem
1201 836 1344 865 dominus,
1363 837 1390 860 et
1409 836 1556 859 laboratur
1576 843 1624 868 per
1643 835 1787 867 predictos
1801 835 2135 867 Beraldum‚Johannem,

293 879 417 904 Mucium
436 882 463 903 et
484 880 565 903 alios.
603 879 682 908 Item,
703 880 777 903 circa
796 880 919 910 quatuor
939 886 1054 910 campos
1074 881 1146 903 terre
1167 881 1290 907 aratorie
1310 882 1337 904 et
1357 880 1482 912 pratalee
1501 881 1622 912 jacentis
1642 880 1672 903 in
1687 880 1780 912 capite
1793 879 1886 903 braidi
1902 879 1935 903 de
1947 879 2042 911 Sango
2056 880 2136 903 extra

295 924 425 948 braidum
444 924 613 956 predictum,
633 924 666 947 ab
686 930 742 947 una
762 924 842 955 parte
862 923 919 952 via,
939 923 974 946 ab
992 923 1050 946 alia
1069 924 1143 947 idem
1163 923 1304 952 dominus.
1324 926 1352 948 et
1372 924 1516 948 laboratur
1536 932 1584 957 per
1601 924 1735 956 Jacobum
1761 925 1790 947 et
1817 924 1926 948 fratres.
1963 924 2041 952 Item,
2061 924 2136 947 circa

293 970 349 992 tres
369 975 485 1000 campos
504 970 576 992 terre
595 968 721 992 aratorie
741 968 813 991 dicti
832 968 926 991 braidi
946 968 980 991 de
998 966 1093 999 Sango
1111 968 1234 1000 jacentis
1253 969 1330 992 ultra
1349 969 1434 997 viam,
1458 969 1573 993 coheret
1592 969 1625 993 ab
1645 975 1702 993 una
1721 970 1801 1000 parte
1820 969 1876 997 via,
1897 969 1931 992 ab
1951 968 2017 992 aliis
2042 958 2136 992 dictus

293 1013 435 1041 dominus,
455 1014 483 1037 et
501 1013 649 1037 laboratur
669 1020 717 1044 per
731 1012 864 1044 Jacobum
884 1014 911 1036 et
931 1012 1042 1036 fratres.
1066 1012 1146 1043 Item,
1161 1014 1224 1036 tota
1236 1014 1402 1046 jurisdictio
1424 1013 1493 1037 ville
1506 1014 1597 1045 Agne,
1614 1021 1665 1044 que
1685 1015 1728 1037 est
1741 1021 1757 1037 a
1778 1013 1871 1045 capite
1888 1013 1981 1036 braidi
1996 1012 2027 1036 de
2040 1012 2135 1044 Sango

294 1065 377 1089 super
396 1058 471 1081 viam
487 1058 572 1082 Volte
591 1059 622 1081 in
642 1059 736 1089 capite
756 1061 892 1081 terrarum
913 1057 1030 1080 illorum
1052 1057 1086 1080 de
1105 1055 1234 1088 Cerudis,
1255 1058 1296 1081 ita
1315 1058 1390 1089 quod
1411 1060 1484 1082 terre
1495 1058 1613 1082 illorum
1627 1058 1662 1082 de
1676 1058 1796 1083 Cerudis
1816 1059 1981 1082 remaneant
2000 1057 2030 1081 in
2051 1056 2138 1081 confi-

295 1103 378 1126 nibus
397 1103 488 1134 Agne,
505 1104 533 1126 et
552 1103 633 1126 vadit
653 1104 680 1126 et
699 1101 767 1125 ferit
787 1109 869 1133 super
889 1103 1041 1125 cantonern
1061 1101 1151 1130 fovee,
1172 1102 1213 1125 ita
1233 1102 1300 1133 quia
1321 1102 1440 1126 fundum
1462 1103 1537 1126 forte
1556 1103 1594 1126 sit
1615 1103 1648 1126 de
1668 1102 1794 1126 confinio
1813 1102 1905 1135 Agnc,
1931 1103 1959 1126 et
1980 1102 2055 1125 forte
2080 1101 2137 1125 alie

294 1149 359 1170 sunt
373 1146 544 1175 coherentie,
566 1153 599 1170 ea
618 1153 685 1170 vero
704 1147 815 1170 ratione
835 1147 866 1169 ut
886 1145 1009 1176 quilibet
1030 1145 1225 1177 predictorum
1245 1146 1425 1170 dominorum
1447 1149 1474 1171 et
1487 1148 1530 1170 sui
1545 1147 1659 1171 heredes
1679 1146 1800 1171 debeant
1814 1148 1922 1178 partem
1937 1153 2013 1170 suam
2027 1145 2138 1175 habere,

295 1193 399 1222 tenere,
412 1191 566 1224 possidere,
585 1198 752 1222 omnemque
773 1197 851 1214 suam
872 1190 1030 1214 utilitatem
1050 1191 1077 1213 et
1095 1190 1276 1213 voluntatem
1290 1190 1381 1214 facere
1394 1197 1429 1214 ex
1442 1192 1503 1223 ipsa
1517 1192 1579 1215 sine
1599 1191 1721 1215 alicuius
1735 1191 1826 1224 partis
1846 1190 2078 1214 contradictione
2091 1189 2135 1213 vel

294 1236 417 1260 alicuius
436 1243 565 1267 persone,
585 1242 642 1259 una
662 1243 723 1259 cum
741 1235 951 1268 jurisdIctione,
972 1235 1159 1266 marigancia,
1177 1235 1448 1267 supermarigancia,
1468 1236 1648 1264 introitibus,
1662 1236 1785 1260 exitibus
1804 1235 2001 1268 superioribus
2019 1236 2046 1258 et
2066 1233 2138 1258 infe-

294 1281 425 1309 rioribus,
447 1281 511 1309 viis,
531 1281 701 1309 nemoribus,
716 1280 850 1312 pasculis,
864 1279 997 1308 vallibus,
1019 1279 1148 1310 pustillis
1167 1281 1195 1303 et
1209 1279 1320 1311 amplis,
1334 1286 1395 1303 cum
1409 1281 1491 1304 omni
1504 1281 1613 1304 honore
1625 1282 1654 1304 et
1674 1281 1816 1308 districtu,
1831 1280 2017 1311 pertinenciis
2035 1281 2063 1302 et
2077 1285 2138 1311 par-

294 1325 372 1349 tibus
391 1325 543 1349 cuiuslibet
563 1325 757 1356 predictorum
777 1325 959 1348 dominorum
978 1332 1030 1355 pro
1049 1326 1129 1357 parte
1149 1330 1199 1347 sua
1212 1326 1240 1348 et
1259 1331 1320 1348 cum
1336 1325 1455 1348 decimis
1470 1327 1498 1349 et
1512 1325 1623 1358 juribus
1637 1325 1818 1355 decimarum,
1836 1325 1947 1358 J‘uribus
1961 1323 2139 1356 percipiendi

294 1371 402 1394 fructus
421 1371 545 1402 ipsarum
566 1370 739 1393 decimarum
759 1371 817 1393 tam
837 1369 1026 1393 vassallorum
1046 1370 1072 1392 et
1092 1369 1242 1392 hominum
1264 1369 1297 1393 de
1318 1369 1452 1394 masnada
1473 1377 1555 1401 quam
1573 1377 1685 1394 suarum
1707 1370 1919 1402 possessionum
1939 1370 1970 1393 in
1990 1375 2040 1393 sua
2059 1370 2139 1400 parte

293 1416 502 1444 contentarum,
521 1416 549 1438 et
567 1422 631 1438 cum
650 1414 806 1438 libellariis
825 1415 853 1437 et
870 1414 982 1446 juribus
1001 1414 1220 1444 libellariorum,
1239 1415 1267 1437 et
1286 1411 1459 1446 generaliter
1478 1414 1512 1438 de
1530 1416 1610 1446 omni
1630 1422 1664 1438 eo
1684 1417 1712 1439 et
1725 1416 1788 1439 toto
1808 1422 1850 1443 eo,
1864 1415 1939 1445 quod
1953 1415 2038 1438 estin
2058 1415 2137 1446 parte

295 1459 449 1483 cuiuslibet
462 1459 656 1490 predictorum
670 1459 860 1486 dominorum,
879 1459 1008 1489 exceptis
1028 1458 1110 1482 bonis
1131 1460 1158 1482 et
1178 1459 1406 1490 possessionibus
1424 1459 1574 1493 hominum
1595 1460 1629 1483 de
1642 1460 1777 1483 masnada
1796 1461 1824 1483 et
1845 1459 2030 1483 vassallorum
2051 1458 2140 1482 dieto-

296 1511 356 1528 rum
376 1503 560 1528 dominorum
578 1505 606 1527 et
626 1504 697 1536 ipsis
717 1503 814 1527 servis.
852 1503 961 1527 Dantes
986 1504 1107 1534 predicti
1135 1503 1248 1527 domini
1273 1504 1463 1528 concedentes
1481 1505 1566 1535 atque
1591 1504 1760 1528 mandantes
1780 1511 1808 1528 se
1827 1504 1863 1528 ad
1890 1504 2016 1527 invicem
2041 1504 2138 1527 omnia

292 1549 355 1581 jura
375 1555 527 1580 omnesque
547 1549 676 1572 actiones
697 1548 784 1572 reales
798 1549 825 1571 et
841 1548 1011 1579 personales,
1034 1548 1119 1572 utiles
1133 1549 1161 1571 et
1180 1548 1309 1579 directas,
1328 1549 1432 1572 tacitas
1451 1551 1479 1573 et
1496 1555 1652 1581 expressas,
1665 1556 1717 1580 que
1731 1551 1757 1572 et
1771 1555 1841 1579 quas
1855 1548 1975 1579 quilibet
1995 1547 2140 1579 predicto-

294 1600 354 1616 rum
374 1593 558 1617 dominorum
578 1593 715 1616 haberent
734 1593 764 1616 in
786 1593 893 1624 partem
921 1593 1050 1621 alterius,
1074 1592 1116 1616 ita
1136 1592 1212 1623 quod
1231 1593 1353 1624 quilibet
1372 1593 1566 1624 predictorum
1592 1594 1773 1617 dominorum
1795 1593 1885 1623 possit
1911 1600 1963 1624 pro
1989 1595 2071 1625 parte
2089 1599 2139 1615 sua

294 1644 384 1668 agere,
404 1638 524 1667 causari,
549 1637 675 1670 experiri
695 1639 722 1661 et
742 1644 770 1661 se
790 1636 950 1667 defendere,
970 1636 1210 1668 quemadmodum
1228 1644 1328 1661 omnes
1353 1639 1489 1669 poterant
1509 1645 1557 1661 seu
1576 1640 1693 1669 possent
1714 1640 1813 1661 contra
1839 1637 1983 1668 habentes,
2009 1638 2138 1660 tenentes

293 1684 321 1706 et
346 1683 526 1714 possidentes
553 1683 598 1706 vel
623 1682 734 1713 aliquid
754 1689 788 1705 ex
807 1681 849 1705 eis
869 1681 1067 1714 impedientes.
1105 1681 1324 1705 Consiituentes
1345 1682 1415 1706 dicti
1436 1682 1547 1706 domini
1574 1689 1647 1706 unus
1673 1683 1793 1706 alterum
1819 1684 2034 1715 procuratorem
2057 1682 2088 1705 ut
2109 1682 2138 1705 in

297 1734 354 1750 rem
373 1734 460 1755 suam,
481 1727 608 1751 dicentes
633 1728 660 1750 et
679 1726 850 1750 affirmantes
875 1726 950 1757 dicti?
969 1726 1083 1750 domini
1111 1726 1220 1749 nemini
1246 1726 1366 1756 dedisse,
1390 1727 1532 1750 alienasse
1559 1727 1602 1750 vel
1629 1727 1773 1757 obligasse
1794 1726 1906 1758 aliquid
1932 1733 1967 1750 ex
1992 1726 2139 1758 predictis.

295 1770 381 1799 Quod
406 1772 429 1795 si
450 1772 628 1803 reperiretur,
648 1772 842 1802 promiserunt
861 1771 935 1794 dicti
953 1771 1066 1794 domini
1086 1771 1143 1794 sibi
1161 1771 1198 1795 ad
1219 1771 1352 1800 invicem,
1371 1771 1567 1803 stipulacione
1586 1772 1708 1795 solemni
1734 1773 1916 1803 interposita,
1942 1773 2063 1803 partem,
2087 1777 2140 1802 que

297 1815 378 1839 dicta
390 1817 543 1840 occasione
557 1816 675 1847 aliquod
689 1816 823 1839 damnum
844 1817 998 1848 pateretur,
1017 1822 1188 1840 conservare
1207 1816 1364 1839 indemnem
1385 1815 1444 1839 suis
1458 1816 1599 1847 expensis,
1621 1815 1762 1840 credendo
1782 1816 1816 1839 de
1835 1816 1940 1840 damno
1959 1818 1987 1839 et
2007 1815 2140 1847 expensis

298 1859 354 1884 soli
367 1860 447 1884 dicto
468 1860 549 1884 illius
563 1861 663 1892 partis,
683 1868 736 1892 que
750 1860 884 1884 damnum
905 1861 1057 1891 pateretur,
1083 1861 1145 1884 sine
1163 1861 1340 1884 sacramento
1359 1861 1387 1884 et
1407 1859 1465 1884 alia
1484 1860 1667 1892 probacione.
1704 1861 1740 1884 Et
1759 1861 1784 1884 si
1803 1867 1859 1884 una
1879 1867 1945 1889 pars
1965 1860 2030 1892 plus
2048 1859 2140 1884 altera

298 1904 414 1935 valeret,
441 1902 592 1935 totum'id,
616 1906 691 1936 quod
718 1905 781 1936 plus
802 1905 917 1933 valeret,
943 1905 1062 1929 nomine
1089 1912 1156 1936 pure
1182 1906 1210 1928 et
1237 1904 1440 1929 irrevocabilis
1465 1904 1647 1935 donacionis,
1674 1912 1728 1936 que
1753 1905 1860 1928 dicitur
1880 1906 1956 1929 inter
1974 1905 2068 1935 vivos,
2087 1912 2140 1936 que

298 1949 422 1980 amplius
447 1950 576 1973 revocari
602 1956 659 1973 non
686 1950 780 1981 possit
804 1949 900 1980 aliqua
919 1948 1131 1981 ingratitudine
1150 1949 1196 1972 vel
1216 1948 1329 1977 offensa,
1351 1956 1454 1981 magna
1474 1949 1519 1972 vel
1539 1956 1636 1981 parva,
1657 1949 1701 1972 vel
1725 1956 1757 1973 eo
1783 1949 1857 1980 quod
1885 1956 1943 1972 non
1969 1950 2042 1972 esset
2066 1948 2140 1973 actis

297 1992 454 2023 insinuata,
474 1994 530 2018 sibi
550 1994 585 2018 ad
603 1995 727 2018 invicem
742 1994 931 2024 donaverunt,
947 1994 1116 2017 remiserunt
1131 2000 1179 2025 per
1193 1995 1306 2026 pactum
1319 2001 1458 2025 expresse,
1472 1995 1500 2017 et
1513 1993 1631 2026 perinde
1644 1994 1807 2021 voluerunt,
1821 1993 1896 2025 quod
1911 1993 2032 2017 donatio
2047 1993 2142 2017 valeat

297 2039 325 2061 et
345 2039 440 2062 teneat
454 2046 484 2062 ac
504 2039 528 2062 si
541 2040 613 2062 esset
627 2039 699 2063 actis
712 2039 870 2077 insiquata.
907 2035 1122 2062 Renunciantes
1141 2046 1175 2062 ex
1194 2038 1270 2062 dicta
1289 2038 1412 2062 sciencia
1431 2038 1488 2070 legi
1509 2038 1618 2062 dicenti
1638 2039 1671 2062 de
1691 2038 1851 2063 donacione
1871 2038 1948 2063 ultra
1968 2038 2141 2070 quingentos

295 2089 396 2106 aureos
416 2091 474 2106 non
501 2083 604 2114 valeat,
630 2084 685 2107 nisi
712 2078 799 2107 foret⁴⁴
815 2084 886 2107 actis
906 2083 1065 2111 insinuata,
1086 2083 1266 2107 intendentes
1285 2082 1407 2114 quilibet
1425 2083 1619 2114 predictorum
1640 2082 1821 2106 dominorum
1843 2083 1933 2106 facere
1952 2082 2139 2110 donaciones,

297 2136 415 2160 quarum
429 2129 555 2159 quelibet
573 2130 756 2153 contineatur
770 2129 847 2152 infra
867 2130 961 2161 ipsam
977 2136 1113 2152 summam
1133 2129 1354 2161 quingentorum
1367 2135 1525 2152 aureorum.
1550 2128 1668 2159 Insuper
1687 2128 1880 2161 promiserunt
1900 2128 1954 2152 sibi
1969 2128 2002 2152 ad
2016 2128 2140 2152 invicem

300 2173 410 2197 domini
430 2174 563 2206 predicti,
583 2174 704 2198 solemni
724 2174 918 2205 stipulacione
938 2174 1122 2205 interposita,
1143 2173 1302 2203 defendere,
1323 2175 1500 2205 guarentare‚
1521 2174 1604 2204 atque
1631 2173 1798 2205 disbrigare,
1822 2176 1850 2197 et
1875 2173 1994 2197 cuilibet
2013 2173 2140 2205 ipsorum

298 2219 407 2249 partem
421 2225 499 2242 suam
513 2219 564 2242 sub
578 2225 652 2252 pena
667 2220 694 2242 et
709 2219 740 2242 in
760 2226 833 2250 pena
851 2219 922 2242 boni
941 2219 1056 2247 cambii,
1075 2218 1231 2242 secundum
1249 2217 1325 2249 quod
1345 2226 1396 2250 pro
1411 2219 1547 2249 tempore,
1561 2225 1617 2249 quo
1639 2218 1713 2241 soret
1726 2218 1820 2242 evicta
1839 2218 1928 2242 alicui
1941 2218 2144 2249 predictorum,

300 2262 377 2286 valet
400 2263 441 2286 vel
456 2264 563 2287 valeret
579 2265 628 2288 aut
643 2264 794 2287 meliorata
813 2265 886 2287 esset
905 2270 956 2295 pro
977 2264 1154 2294 temporibus
1187 2263 1237 2287 sub
1257 2263 1441 2286 estimatione
1459 2263 1598 2286 bonorum
1617 2263 1767 2286 hominum
1787 2263 1818 2286 in
1838 2263 2040 2287 consimilibus
2059 2262 2141 2293 locis,

298 2309 326 2331 et
345 2315 442 2331 omnes
461 2314 591 2339 expense,
612 2315 665 2339 que
684 2307 782 2332 fierent
801 2308 831 2331 in
852 2307 954 2331 litibus
968 2307 999 2330 in
1014 2307 1183 2331 defensione
1197 2307 1316 2331 alicuius
1330 2307 1522 2339 predictarum
1542 2308 1667 2338 partium
1687 2314 1738 2338 pro
1757 2309 1980 2338 guarentacione
1998 2308 2025 2330 et
2045 2306 2140 2330 defen-

300 2352 389 2380 sione,
402 2352 463 2376 fieri
477 2353 576 2376 debeat
588 2352 720 2384 expensis
740 2352 909 2376 comunibus
929 2352 1122 2383 predictorum
1138 2352 1330 2382 dominorum,
1344 2353 1384 2376 ita
1398 2352 1474 2382 quod
1488 2352 1611 2382 quilibet
1629 2351 1823 2384 predictorum
1837 2351 2018 2376 dominorum
2032 2351 2143 2375 solvere

301 2396 400 2420 debeat
419 2398 529 2429 partem
549 2404 628 2420 suam
649 2398 705 2420 tam
727 2398 756 2420 in
778 2396 889 2428 agendo
910 2403 992 2427 quam
1013 2398 1042 2420 in
1065 2396 1254 2420 defendendo.
1291 2396 1326 2420 Et
1346 2396 1397 2420 hec
1416 2397 1514 2420 omnia
1535 2398 1562 2420 et
1587 2396 1700 2427 singula
1721 2397 1848 2427 predicta
1875 2397 2002 2421 fecerunt
2022 2396 2143 2428 predicti

300 2441 411 2465 domini
431 2442 519 2465 salvis
545 2443 636 2472 pactis
655 2444 683 2465 et
703 2442 925 2465 condicionibus
945 2441 1150 2474 infrascriptis,
1170 2441 1307 2466 videlicet
1325 2441 1399 2472 quod
1419 2442 1443 2465 si
1463 2441 1561 2472 aliqua
1579 2441 1692 2472 questio
1712 2443 1872 2465 moveretur
1891 2441 1980 2465 alicui
1999 2441 2142 2465 dictorum

300 2486 483 2510 dominorum
504 2493 556 2517 pro
576 2488 655 2518 parte
674 2493 724 2510 sua
744 2487 895 2510 occasione
915 2487 1017 2510 statuti
1037 2486 1070 2509 de
1091 2486 1164 2510 male
1183 2485 1287 2510 ablatis
1306 2487 1449 2516 tamquam
1470 2487 1569 2509 contra
1587 2485 1717 2509 heredem
1737 2492 1764 2516 q.
1783 2486 1809 2510 d.
1828 2485 1906 2510 Petri
1926 2485 2051 2510 Comitis
2070 2492 2096 2516 q.
2117 2484 2143 2509 d.

301 2530 413 2554 Albricl
429 2530 543 2559 Leonis,
563 2537 610 2554 seu
631 2531 656 2554 (l.
670 2530 804 2562 Jacobini
825 2530 969 2563 Papafave
983 2530 1016 2554 de
1036 2530 1179 2559 Carraria,
1197 2538 1294 2554 eorum
1314 2530 1412 2562 patris,
1432 2531 1460 2553 et
1479 2529 1583 2554 exinde
1602 2530 1837 2554 condemnaretur
1857 2531 1886 2554 in
1907 2530 2005 2562 aliquo
2030 2530 2063 2554 de
2080 2530 2142 2562 jure

299 2581 346 2598 seu
367 2575 400 2598 de
420 2575 496 2599 sacto
517 2575 551 2598 ad
573 2575 653 2598 illam
674 2575 956 2606 condemnacionem,
977 2577 1004 2598 et
1019 2575 1122 2599 volunt
1137 2575 1212 2606 quod
1226 2574 1277 2599 alii
1292 2576 1444 2598 teneantur
1457 2581 1555 2598 omnes
1569 2575 1597 2598 et
1610 2574 1730 2598 debeant
1751 2575 1856 2599 dictam
1871 2574 2143 2598 condemnacionem

299 2619 409 2643 solvere
423 2627 474 2651 pro
488 2622 550 2643 rata
563 2627 676 2643 suarum
697 2621 865 2651 porcionum
887 2620 937 2643 sub
958 2627 1029 2651 pena
1050 2621 1077 2643 et
1096 2620 1126 2644 in
1147 2627 1229 2652 pena,
1249 2626 1302 2650 que
1320 2620 1375 2643 erit
1396 2619 1516 2642 inferius
1536 2619 1677 2643 declarata
1697 2621 1725 2643 et
1738 2626 1787 2650 per
1807 2627 1849 2644 me
1869 2619 2014 2644 notarium
2028 2620 2142 2650 scripta.

301 2663 381 2694 Item,
399 2664 474 2695 quod
498 2664 557 2692 ille,
570 2664 620 2695 qui
645 2664 762 2688 habebit
781 2666 890 2696 partem
910 2664 1107 2695 Anguillarie,
1127 2665 1222 2697 possit
1240 2663 1371 2688 edificare
1396 2665 1424 2687 et
1443 2663 1555 2687 edificia
1584 2664 1674 2687 facere
1695 2664 1724 2687 in
1752 2666 1846 2688 castro
1867 2666 1895 2688 et
1920 2664 2014 2688 cincta
2034 2663 2068 2687 ad
2093 2670 2143 2687 sue

298 2708 414 2732 libitum
433 2708 595 2732 voluntatis
614 2710 642 2732 et
661 2709 766 2732 ibidem
781 2709 909 2732 habitare
927 2710 954 2732 et
974 2709 1067 2740 ipsum
1087 2710 1210 2732 castrum
1229 2709 1257 2732 et
1276 2709 1399 2731 cinctam
1419 2709 1446 2731 et
1466 2707 1565 2731 foveas
1584 2707 1728 2739 possidere
1749 2715 1800 2740 pro
1821 2715 1869 2732 sua
1883 2709 1983 2739 quarta
1997 2709 2076 2739 parte
2089 2715 2142 2739 pro

301 2760 352 2776 suo
379 2754 496 2776 nomine
521 2755 631 2777 tantum
652 2754 678 2776 et
699 2761 749 2786 pro
775 2753 842 2777 aliis
861 2754 953 2777 tribus
980 2754 1109 2784 partibus
1136 2754 1252 2777 nomine
1276 2754 1304 2776 et
1331 2753 1391 2775 vice
1411 2752 1533 2775 aliorum
1561 2752 1647 2776 trium
1671 2752 1800 2782 fratrum,
1824 2754 1852 2776 et
1877 2753 2005 2784 precario
2031 2759 2082 2783 pro
2100 2753 2142 2776 eis

300 2797 445 2828 possidere
465 2798 572 2825 debeat,
592 2798 664 2821 etse
683 2799 842 2822 constituat
862 2798 1009 2829 possidere
1029 2798 1119 2822 dictas
1138 2799 1193 2821 tres
1214 2798 1318 2829 partes,
1337 2798 1365 2820 et
1385 2796 1461 2828 quod
1482 2797 1531 2820 alii
1553 2798 1608 2820 tres
1629 2797 1730 2820 fratres
1754 2799 1782 2821 et
1801 2797 1923 2829 quilibet
1948 2798 2075 2828 ipsorum
2095 2804 2144 2828 per

302 2849 329 2864 se
348 2843 376 2865 et
395 2849 460 2866 suos
480 2842 595 2866 heredes
616 2849 666 2873 pro
687 2850 796 2873 guerra,
816 2850 899 2873 quam
918 2843 1033 2866 haberet
1059 2842 1165 2866 civitas
1189 2841 1292 2871 Paduc,
1318 2841 1362 2864 vel
1390 2841 1445 2872 ipsi
1471 2848 1520 2873 per
1545 2842 1690 2872 propriam
1716 2848 1844 2873 guerram
1871 2842 1988 2873 possent
2014 2841 2144 2865 habitare

302 2885 408 2909 dictum
435 2888 558 2910 castrum
585 2893 640 2910 una
660 2894 722 2910 cum
743 2886 881 2918 predicto.
920 2886 955 2910 Et
975 2887 1050 2917 quod
1072 2887 1193 2918 predicti
1214 2886 1316 2909 fratres
1335 2887 1362 2909 ct
1382 2885 1504 2916 quilibet
1532 2887 1658 2916 ipsorum
1679 2886 1789 2910 dictum
1809 2888 1932 2910 castrum
1958 2892 2020 2909 cum
2047 2885 2144 2909 cincta

302 2937 358 2953 non
381 2932 494 2961 possint
515 2931 612 2962 aliquo
634 2931 717 2955 modo
738 2931 857 2955 vendere
877 2931 922 2954 vel
943 2932 1068 2955 alienare
1088 2931 1145 2955 nisi
1165 2931 1241 2955 inter
1261 2938 1297 2960 se,
1317 2931 1343 2954 et
1363 2937 1393 2954 ca
1413 2930 1586 2954 condicione
1608 2931 1708 2954 volunt
1732 2931 1824 2962 ipsum
1851 2932 1973 2955 castrum
1999 2937 2142 2954 remanere

302 2981 430 2999 comune.
468 2975 502 2999 Et
523 2977 544 2999 si
566 2976 671 3006 aliquis
693 2977 818 3007 ipsorum
840 2976 1047 3000 contrasaceret
1076 2976 1118 2999 vel
1147 2976 1264 3004 veniret,
1285 2975 1386 2999 volunt
1406 2975 1480 3005 quod
1502 2975 1662 2999 dominium
1683 2978 1709 2999 ct
1730 2976 1873 3006 possessio
1900 2976 1930 3000 in
1957 2976 2064 2998 ceteros
2085 2982 2140 2998 non

2168 744 2200 771 10

2169 965 2200 992 15

2168 1633 2205 1661 30

2170 2079 2206 2106 40

2172 2304 2206 2330 45

2172 2527 2208 2553 50

2171 2972 2208 2999 00
