2290 3449
454 203 628 239 GESTA
664 198 976 238 MAGNIFICA
1005 200 1193 236 DOMUS
1222 200 1614 236 CARRARIENSIS

107 347 216 368 meser
238 336 361 377 Marco
385 341 420 368 et
444 336 586 381 (Jordan
611 334 771 375 Foreate,
796 335 996 367 Francesco
1027 332 1072 364 da
1118 332 1289 374 Vigonca,
1313 331 1523 363 Prodocimo
1555 331 1714 375 Caligine
1747 338 1781 363 et
1811 332 1968 374 Rueiero

107 389 151 420 de
175 389 332 425 Flabian,
356 389 366 419 i
392 389 484 431 quali
509 399 574 430 per
597 388 631 419 13
655 397 784 419 accusa
807 387 893 418 satta
917 385 961 417 de
987 386 1075 424 loro,
1099 385 1165 417 che
1184 385 1242 416 elli
1268 385 1411 416 havesse
1441 385 1586 416 coniura
1605 395 1672 416 con
1689 395 1801 417 meser
1826 385 1968 423 Nicolo,

107 447 143 472 et
166 452 230 482 per
253 441 369 483 quello
394 452 454 472 era
479 441 568 483 posti
593 451 612 471 a
636 440 773 477 confini,
798 439 888 471 have
905 439 915 470 i
934 439 983 471 soi
1001 438 1117 475 ostasi,
1148 437 1272 479 iquali
1289 438 1346 468 6111
1373 438 1484 468 hai-ea
1501 438 1595 475 dadi,
1612 438 1676 469 che
1702 438 1757 469 elli
1775 448 1963 469 servarave

107 494 137 525 le
163 504 228 526 con
235 495 312 526 fine.

359 495 402 526 Et
425 505 490 536 per
513 494 624 526 simile
648 503 761 525 meser
785 492 932 525 Ubertin
958 492 1003 523 da
1026 492 1189 532 Castora,
1216 491 1247 522 el
1276 491 1429 522 Tartaro
1453 491 1497 522 da
1521 491 1722 522 Lendinara
1739 492 1827 523 have
1849 493 1961 523 ancha

71 547 88 578 5
107 547 166 579 elli
190 548 200 578 i
225 548 276 579 soi
300 548 414 585 ostasi‚
439 548 504 580 che
522 548 580 580 elli
598 548 708 578 havea
725 547 808 578 dadi
825 557 844 577 a
861 555 972 577 meser
995 545 1082 581 Can,
1101 544 1165 575 che
1184 544 1243 575 elli
1267 554 1390 575 serave
1413 554 1483 575 con
1499 543 1546 575 lui
1564 550 1686 576 contra
1702 544 1806 581 Pava,
1823 546 1964 586 quando

107 610 168 642 per
193 600 225 631 13
249 607 360 632 morte
386 602 430 633 de
456 601 656 633 Guillielmo
680 601 794 632 Dente
819 599 877 630 elli
902 599 939 630 fo
963 597 1159 639 bandecadi
1184 598 1228 628 de
1247 598 1354 634 Pavu,
1375 603 1409 629 et
1425 597 1452 628 si
1469 607 1505 628 se
1529 597 1672 628 redusse
1692 609 1711 628 a
1727 598 1785 636 lui,
1803 608 1902 630 corno
1919 599 1962 630 de

38 857 76 888 10

37 1121 74 1153 15

32 1388 74 1417 20

32 1651 74 1683 25

33 1919 74 1950 30

32 2183 74 2215 35

32 2452 73 2482 40

32 2717 74 2748 45

106 659 197 686 sotto
221 665 256 685 se
281 654 430 686 recitarit
455 665 474 685 a
497 665 534 686 so
561 654 675 695 luogo.

197 751 268 783 108.
293 751 396 793 [1051.
414 770 457 774 —
472 751 648 783 Andando
667 750 696 782 le
722 760 803 781 cose
832 751 868 781 in
886 754 1008 790 questa

105 804 229 841 forma,
255 805 286 835 el
307 805 344 836 fo
369 805 471 837 tratta
494 804 639 846 patema
664 809 717 835 tra
740 813 853 834 meser
876 802 950 834 Can
977 808 1010 832 et

105 867 219 888 meser
244 857 371 889 Nicolo
403 857 448 889 da
480 857 622 894 Carara,
647 866 688 898 90
713 856 740 886 si
765 856 783 886 ὲ
808 855 873 886 che
897 864 1012 885 meser

106 908 269 947 Mastino,
297 910 387 941 nevo
412 910 469 942 dei
495 911 581 941 ditto
606 919 719 940 meser
742 907 827 946 Can,
854 908 925 939 toia
948 917 1011 949 per

105 963 214 993 moier
236 965 387 995 madona
411 963 603 1005 Iselgarda,
625 962 705 993 fiola
723 961 781 993 del
798 961 884 993 ditto
901 971 1012 992 meser

104 1014 244 1052 Nicolb,
261 1022 296 1047 et
311 1016 359 1047 131
377 1027 490 1047 meser
514 1015 641 1047 Nicolo
667 1019 839 1056 prometta
863 1024 882 1045 a
899 1023 1011 1045 meser

104 1067 181 1099 Can
199 1069 242 1100 de
260 1079 354 1100 esser
372 1080 438 1101 con
467 1069 536 1100 ello
561 1073 686 1100 contra
709 1066 812 1103 Pava,
830 1067 898 1098 fina
913 1072 1010 1098 tanto

105 1121 170 1152 che
204 1122 274 1153 ello
299 1122 497 1164 acquistara
522 1121 553 1153 13
578 1121 735 1163 signoria
760 1121 804 1152 de
829 1119 956 1162 quella,
979 1125 1010 1156 el

104 1175 186 1216 qual
211 1175 357 1216 parenta
381 1175 417 1206 fo
442 1174 554 1206 ferma
579 1175 623 1205 da
648 1173 740 1205 l’una
765 1182 799 1204 et
823 1173 867 1204 da
898 1172 1011 1208 l’altra

103 1234 213 1269 parte,
230 1227 361 1270 perche
377 1228 409 1259 61
423 1238 527 1259 savea
541 1227 608 1259 ben
626 1236 740 1258 meser
757 1225 842 1264 Can,
859 1226 924 1258 che
941 1227 1010 1259 ello

104 1290 148 1311 no
165 1291 290 1322 possea
306 1286 376 1312 star
391 1280 499 1312 molto
516 1281 561 1311 ad
579 1280 688 1312 havet
700 1280 734 1310 la
747 1280 833 1311 ditta
845 1280 1010 1323 signoria,

102 1344 138 1364 se
162 1343 274 1364 meser
298 1333 425 1365 Nicolo
449 1334 459 1364 i
484 1342 650 1375 porgesse
674 1333 686 1364 i
709 1333 761 1364 soi
786 1333 910 1364 favori.
950 1333 1010 1365 Ma

103 1395 215 1418 meser
227 1385 397 1423 Marsilio,
413 1386 582 1418 sentando
595 1391 717 1428 queste
732 1396 827 1423 cose,
845 1387 1009 1418 temando

103 1451 123 1471 a
146 1439 173 1471 si
198 1445 231 1471 et
254 1449 274 1470 a
297 1439 377 1471 tutti
402 1439 411 1469 i
435 1439 516 1470 altri
541 1440 585 1471 da
609 1439 770 1477 Carrara,
794 1449 830 1471 se
862 1440 1009 1481 despose

104 1493 146 1524 de
170 1503 312 1534 romper
336 1499 459 1535 questo
482 1492 639 1534 patema,
652 1492 808 1535 digando
826 1493 881 1524 fra
898 1493 1010 1524 sime-

103 1545 256 1577 desimo:
287 1548 302 1562 “
316 1545 360 1578 Et
375 1556 420 1578 no
444 1546 490 1577 ho
513 1545 547 1577 io
571 1556 640 1577 una
655 1555 755 1587 3663,
771 1547 924 1578 madona
940 1547 1010 1578 Ta-

109 1601 122 1616 “
139 1599 208 1638 dia,
232 1599 317 1631 fiola
341 1599 406 1631 che
431 1599 469 1630 fo
494 1600 537 1630 de
562 1609 675 1631 meser
697 1598 838 1631 Iaeomo
862 1600 1008 1641 grande,

109 1654 225 1684 “altre
260 1653 357 1684 fiade
393 1662 572 1694 promessa
606 1662 670 1693 per
704 1652 813 1684 moier
845 1663 864 1683 a
896 1663 1009 1684 meser

109 1707 122 1723 ‘⁴
137 1705 276 1742 Masfiu,
302 1712 337 1737 et
357 1705 431 1737 cosi
455 1705 486 1737 ie
504 1706 536 1737 13
552 1716 656 1747 posso
672 1705 705 1737 io
723 1706 878 1738 anchora
895 1706 978 1737 dare
994 1705 1007 1736 ?

109 1761 123 1776 “
137 1759 181 1791 Et
203 1758 359 1791 anchora
381 1758 427 1795 io,
453 1759 517 1790 che
541 1769 578 1791 so
602 1759 636 1790 in
663 1758 757 1790 Pava
773 1765 808 1790 et
831 1759 874 1790 de
893 1759 1009 1801 quella

109 1812 217 1853 “saco
241 1811 321 1854 quel
347 1812 413 1843 che
438 1812 528 1850 voi0‚
552 1823 596 1844 no
621 1812 652 1843 ie
677 1812 709 1843 la
734 1822 836 1854 posso
859 1813 892 1844 io
916 1812 1008 1844 meio

105 1864 120 1882 “
136 1864 221 1897 dare
245 1865 312 1896 cha
335 1875 450 1896 meser
480 1865 618 1902 Nicolo,
645 1866 710 1897 che
735 1865 753 1896 ὲ
779 1866 823 1897 de
847 1866 1007 1906 fuora„?

102 1917 286 1950 Cerchade
312 1919 452 1950 doncha
476 1918 507 1950 le
532 1919 682 1960 preditte
707 1929 788 1950 cose
812 1929 878 1950 con
896 1930 1008 1951 meser

102 1970 176 2003 Can
200 1982 263 2013 per
286 1982 331 2003 un
355 1977 495 2003 secreto
511 1982 622 2003 messo
647 1972 692 2004 de
710 1982 823 2003 meser
838 1972 1009 2016 Marsilio,

104 2026 136 2056 el
160 2025 255 2056 dicto
279 2035 393 2056 meser
424 2024 595 2062 Mamilio,
626 2035 725 2057 como
758 2036 793 2056 se
825 2025 942 2069 legera
973 2027 1008 2058 in

103 2077 152 2120 gli
174 2078 222 2108 soi
247 2077 335 2120 gesti
350 2077 368 2113 ¹,
396 2078 485 2110 have
509 2077 554 2109 da
579 2088 691 2109 meser
706 2077 780 2109 Can
799 2079 916 2121 quello
941 2080 1007 2111 che

104 2130 172 2162 ello
197 2131 383 2162 domando.
431 2131 475 2162 Et
499 2130 571 2162 cosi
594 2131 743 2163 madona
766 2132 892 2169 Tadia,
920 2144 1007 2175 neca

103 2184 147 2215 de
171 2194 283 2215 meser
298 2184 466 2225 Marsilio,
483 2184 520 2215 fo
536 2194 712 2225 promessa
736 2185 846 2216 moier
862 2196 882 2216 a
898 2196 1009 2217 meser

103 2236 248 2268 Mastin:
277 2237 308 2268 la
331 2237 411 2268 dote
436 2237 516 2269 dela
540 2237 641 2279 quale
666 2237 703 2269 fo
728 2238 761 2269 13
785 2238 938 2281 signoria
962 2240 1006 2271 de

104 2290 208 2322 Pava‚
254 2290 297 2322 El
321 2290 514 2333 magnifico
546 2301 660 2321 meser
692 2290 820 2323 Nicolo
847 2292 892 2324 da
923 2292 1008 2324 Car-

102 2353 190 2378 rara,
222 2343 394 2375 sentando
426 2348 547 2385 questo
579 2349 614 2375 et
644 2345 845 2385 vecandose
876 2345 1007 2387 ingana

104 2397 148 2427 da
172 2407 284 2428 meser
307 2396 392 2434 Can,
417 2406 461 2427 no
486 2395 584 2428 molti
609 2396 645 2428 (11
670 2397 715 2428 (13
731 2396 787 2439 po’
804 2397 848 2429 de
865 2399 1006 2430 volonta

103 2448 146 2480 de
171 2460 284 2481 meser
308 2449 383 2481 Can
405 2458 441 2480 se
466 2450 558 2491 parti
574 2450 620 2481 da
643 2450 706 2481 Est
723 2455 757 2482 et
782 2451 873 2483 ando
898 2462 919 2482 a
937 2451 1007 2483 Ve-

103 2502 208 2534 nesia.
255 2502 300 2533 Et
332 2512 401 2534 non
434 2503 471 2533 fo
503 2502 596 2544 miga
627 2503 733 2544 pereo
766 2503 852 2536 tolte
883 2505 915 2535 le
947 2515 1006 2537 soe

102 2555 302 2597 possession
332 2555 365 2586 al
397 2554 484 2586 ditto
516 2565 628 2587 meser
662 2556 802 2597 Nicolo,
836 2567 936 2589 como
968 2560 1005 2590 fo

103 2609 148 2640 ad
172 2609 253 2640 tutti
276 2609 286 2639 i
313 2608 394 2640 altri
426 2607 559 2640 Pavani
589 2609 633 2640 de
663 2609 774 2641 fuora.
814 2610 860 2642 Et
879 2610 924 2642 da
947 2611 1005 2653 po'

102 2671 216 2692 meser
240 2661 367 2693 Nicolo
392 2660 469 2692 vive
501 2661 607 2693 molto
638 2667 755 2704 tempo
780 2663 881 2695 fuora
913 2664 1005 2696 della

102 2714 246 2757 propria
276 2714 400 2756 patria,
432 2719 531 2755 parte
563 2725 583 2745 a
615 2714 758 2747 Vinesia
789 2722 824 2747 et
854 2722 954 2758 parte
985 2729 1005 2749 a

103 2766 248 2809 Chioca.
295 2767 340 2799 Et
371 2766 466 2798 mori
493 2778 512 2797 a
547 2766 691 2798 Vinesia
723 2780 765 2800 ne
793 2769 910 2801 l’anno
945 2770 1004 2802 del

104 2820 252 2862 Signore
279 2820 374 2851 mille
402 2826 554 2852 tresento
589 2818 636 2836 **
652 2819 667 2836 *
683 2819 709 2858 *‚
742 2827 777 2854 et
807 2823 942 2855 vestido
966 2825 1003 2855 in

104 2873 223 2905 habito
246 2871 291 2904 de
316 2873 371 2904 fra
395 2883 546 2910 menore,
570 2883 670 2906 como
695 2874 762 2906 ello
789 2875 922 2909 ordeno
947 2877 1004 2908 nel

197 2988 205 3005 ¹
225 2989 272 3015 Cf.
292 2991 371 3015 sotto
392 2998 414 3015 c.
440 2998 499 3020 110,
521 2997 580 3015 111.

1158 749 1229 780 108.
1247 748 1347 790 [1051.
1365 767 1408 770 -
1422 748 1542 780 Rebus
1558 748 1673 790 itaque
1690 748 1741 780 sic
1758 759 1793 779 se
1810 749 1967 780 habenti-

1066 801 1128 833 bus
1143 801 1337 843 parentella
1352 807 1519 833 tractatur
1535 802 1624 832 inter
1641 801 1818 832 dominum
1836 802 1965 833 Canem

1065 860 1099 886 et
1123 854 1299 886 dominum
1325 854 1508 886 Nicolaum
1535 855 1580 885 de
1604 853 1776 890 Carraria,
1800 854 1966 886 videlicet

1066 908 1160 949 quod
1185 907 1343 938 dominus
1365 907 1546 945 Mastinus,
1571 917 1680 948 nepos
1704 907 1810 948 ipsius
1835 907 1967 938 domini

1064 960 1182 997 Canis,
1194 961 1315 1001 nuptui
1329 967 1477 992 assumat
1490 960 1665 991 dominam
1676 959 1966 1002 Henselgardam,

1065 1013 1177 1044 filiam
1190 1014 1296 1054 ipsius
1309 1013 1437 1045 domini
1454 1013 1589 1044 Nicolai
1603 1014 1646 1044 de
1660 1013 1833 1050 Carraria,
1847 1018 1880 1044 et
1892 1013 1965 1054 ipse

1066 1066 1225 1098 dominus
1249 1066 1416 1098 Nicolaus
1447 1066 1589 1098 domino
1613 1066 1701 1098 Cani
1729 1066 1901 1107 spondeat
1930 1076 1966 1097 se

1066 1129 1143 1150 cum
1162 1130 1203 1151 eo
1220 1126 1340 1151 contra
1364 1120 1517 1151 Paduam
1542 1130 1626 1156 esse,
1650 1119 1761 1150 donec
1779 1118 1967 1150 dominium

1066 1172 1223 1204 obtineat
1247 1173 1409 1208 civitatis;
1435 1172 1528 1215 quod
1551 1172 1735 1214 sponsione
1753 1171 1796 1204 ab
1813 1171 1966 1213 utrisque

1066 1226 1240 1257 firmatum
1266 1233 1328 1258 est.
1376 1226 1521 1258 Sciebat
1552 1226 1642 1257 enim
1675 1225 1832 1257 dominus
1860 1224 1966 1256 Canis

1065 1290 1135 1311 non
1150 1289 1249 1320 posse
1275 1279 1334 1311 diu
1359 1279 1510 1310 dominio
1527 1289 1660 1316 carere,
1677 1279 1705 1310 si
1729 1278 1888 1310 dominus
1905 1278 1965 1308 Ni-

1066 1332 1183 1364 colaus
1199 1332 1268 1364 suis
1281 1333 1312 1364 ei
1330 1332 1507 1364 favoribus
1524 1333 1676 1363 instaret.
1702 1332 1868 1363 Dominus
1882 1342 1965 1363 vero

1065 1384 1250 1423 Marsilius,
1262 1385 1327 1418 ista
1346 1386 1574 1427 presentienS‚
1590 1384 1656 1416 sibi
1682 1385 1874 1426 ceterisque
1899 1384 1967 1415 suis

1064 1438 1108 1470 de
1131 1438 1292 1471 Carraria
1313 1439 1450 1476 timens,
1477 1439 1705 1480 parentellam
1731 1438 1821 1469 hanc
1843 1437 1967 1468 infrin-

1063 1502 1146 1535 gere
1164 1492 1344 1524 constituit
1359 1492 1495 1534 sibique
1512 1502 1630 1523 secum
1654 1497 1789 1523 secrete
1806 1491 1872 1521 ait:
1895 1492 1908 1507 “
1921 1490 1965 1522 Et

1067 1546 1081 1560 “
1096 1555 1210 1576 nonne
1234 1545 1318 1576 mihi
1343 1545 1455 1586 neptis
1480 1545 1578 1576 adest
1595 1544 1734 1576 domina
1747 1544 1904 1580 Thadea,
1922 1544 1967 1574 fi-

1070 1599 1141 1630 “lia
1159 1598 1290 1630 domini
1307 1598 1427 1630 Iacobi
1450 1597 1593 1641 grandis
1616 1598 1660 1629 de
1685 1596 1856 1633 Carraria,
1880 1607 1967 1628 uxor

1066 1652 1080 1667 “
1098 1651 1183 1683 alias
1200 1652 1266 1693 ipsi
1284 1652 1424 1683 domino
1441 1652 1591 1683 Mastino
1607 1651 1788 1693 promissa,
1804 1661 1906 1692 quam
1931 1655 1966 1681 et

1067 1705 1081 1720 ‘⁴
1096 1715 1162 1748 ego
1175 1706 1300 1736 iterum
1314 1704 1378 1736 sibi
1396 1706 1479 1736 dare
1494 1715 1632 1745 possum
1648 1702 1816 1735 uxorem?
1835 1703 1880 1734 Et
1896 1713 1965 1734 non

1069 1761 1083 1774 “
1096 1768 1173 1800 ego,
1191 1759 1248 1800 qui
1266 1758 1299 1789 in
1316 1758 1458 1790 civitate
1482 1768 1555 1789 sum
1582 1763 1615 1789 et
1638 1756 1683 1788 de
1700 1757 1777 1798 ipsa
1802 1767 1863 1798 pro
1887 1755 1965 1786 libi-

1069 1813 1082 1828 “
1096 1818 1131 1843 to
1156 1811 1317 1852 dispono,
1340 1811 1463 1842 melius
1486 1821 1588 1853 quam
1605 1810 1763 1842 dominus
1787 1809 1964 1846 Nicolaus,

1067 1865 1081 1880 “
1097 1865 1156 1907 qui
1174 1865 1260 1896 foris
1282 1865 1392 1903 adest,
1417 1864 1557 1896 domino
1581 1863 1667 1896 Cani
1692 1864 1803 1905 ipsam
1827 1872 1964 1904 possum

1069 1918 1236 1950 “tradere
1267 1917 1504 1956 civitatem?„
1540 1917 1723 1949 Premissis
1755 1916 1868 1958 itaque
1902 1925 1965 1956 per

1063 1977 1234 2004 secretum
1266 1982 1364 2003 suum
1396 1971 1560 2002 nuncium
1585 1982 1663 2003 cum
1697 1969 1836 2002 domino
1867 1968 1963 2000 Cane

1063 2025 1277 2067 pertentatis,
1296 2025 1389 2066 quod
1414 2024 1573 2057 dominus
1596 2023 1772 2055 Marsilius
1795 2022 1903 2064 petiit,
1927 2028 1964 2053 ut

1062 2079 1097 2110 in
1115 2078 1220 2121 gestis
1236 2079 1305 2110 suis
1321 2078 1377 2109 hic
1394 2078 1487 2109 infra
1506 2077 1650 2120 legetur,
1675 2089 1694 2108 a
1711 2077 1852 2108 domino
1868 2074 1962 2107 Cane

1063 2132 1337 2173 obtemperatum
1351 2138 1412 2169 est,
1425 2132 1545 2173 sicque
1560 2131 1697 2162 domina
1708 2130 1863 2169 Thadea,
1881 2139 1964 2170 nep-

1063 2186 1105 2217 tis
1122 2184 1233 2226 ipsius
1250 2184 1378 2216 domini
1397 2183 1558 2222 Marsilii‚
1576 2194 1661 2215 uxor
1677 2184 1887 2226 promittitur
1903 2182 1963 2213 do-

1062 2238 1155 2270 mino
1172 2237 1334 2276 Mastino,
1360 2238 1417 2270 cui
1440 2238 1503 2269 dos
1528 2237 1715 2269 dominium
1734 2237 1798 2268 fuit
1814 2236 1963 2268 civitatis

1062 2291 1192 2323 Padue.
1240 2291 1407 2322 Dominus
1431 2301 1514 2322 vero
1539 2290 1709 2322 Nicolaus
1732 2290 1795 2321 ista
1819 2299 1962 2330 presen-

1061 2346 1150 2377 tiens
1166 2354 1271 2386 seque
1296 2356 1315 2375 a
1339 2344 1480 2375 domino
1504 2343 1600 2376 Cane
1623 2344 1807 2384 deceptum
1830 2342 1961 2378 videns,

1061 2408 1131 2429 non
1155 2397 1269 2428 multis
1294 2397 1416 2429 diebus
1440 2403 1517 2439 post
1542 2397 1584 2428 de
1608 2396 1784 2428 voluntate
1812 2395 1961 2437 predicti

1061 2451 1167 2483 Canis
1191 2450 1234 2481 de
1260 2450 1321 2482 Est
1344 2451 1486 2482 recessit
1513 2450 1750 2491 Venetiasque
1783 2450 1961 2490 profectus

1061 2510 1123 2535 est.
1156 2504 1232 2535 Nec
1250 2510 1366 2535 tamen
1382 2504 1448 2535 fuit
1465 2504 1538 2545 ipse
1557 2503 1714 2534 dominus
1728 2502 1909 2538 Nicolaus,
1926 2508 1962 2532 ut

1061 2557 1170 2589 ceteri
1208 2557 1308 2589 fuere
1343 2556 1545 2593 extrinseci,
1581 2557 1649 2587 suis
1686 2554 1962 2597 possessionibus

1060 2610 1238 2652 spoliatus,
1262 2610 1381 2652 sicque
1406 2610 1561 2642 Venetiis
1581 2616 1615 2640 et
1638 2608 1763 2651 Clugie
1780 2608 1960 2650 presertim

1061 2663 1144 2694 exul
1168 2664 1226 2694 diu
1250 2663 1455 2704 supervixit.
1502 2662 1599 2695 Obiit
1623 2668 1736 2693 autem
1759 2661 1795 2692 in
1821 2660 1960 2693 civitate

1060 2717 1290 2748 Venetiamm
1314 2726 1404 2747 anno
1429 2716 1568 2747 Domini
1592 2715 1773 2745 millesimo
1790 2719 1962 2745 trecente-

1059 2770 1145 2801 simo
1162 2768 1254 2788 *²¹²*ss
1278 2770 1503 2811 vestitusque,
1528 2775 1564 2799 ut
1588 2768 1716 2805 statuit,
1744 2767 1864 2798 habitu
1888 2767 1959 2797 fra-

1059 2829 1147 2854 trum
1171 2822 1343 2854 minorum
1367 2822 1461 2864 apud
1484 2821 1624 2854 eosdem
1650 2821 1775 2852 fratres
1805 2819 1960 2861 sepultus

1058 2882 1120 2913 est,
1150 2875 1332 2907 millesimo
1365 2875 1534 2917 predicto,
1566 2875 1610 2906 de
1643 2884 1759 2905 mense
1792 2872 1958 2906 octobris.
