2290 3449
79 736 111 763 10

77 959 108 986 15

75 1183 111 1210 20

75 1407 108 1433 25

73 1629 110 1657 30

73 1852 108 1880 35

73 2077 108 2103 40

75 2300 108 2326 45

70 2522 106 2550 50

71 2745 105 2771 55

71 2967 108 2995 60

497 205 670 241 GESTA
698 204 1001 242 MAGNIFICA
1029 206 1217 242 DOMUS
1248 207 1640 242 CARRARIENSIS
1912 210 1983 245 211

141 342 248 373 septem
267 347 383 371 campos
402 341 430 363 et
449 340 515 363 octo
535 340 658 371 perticas
672 341 700 363 et
714 340 826 364 tabulas
841 340 1035 372 quadraginta
1049 342 1122 364 terre
1136 340 1288 372 pratalive,
1300 340 1421 372 jacentis
1436 340 1466 363 in
1481 339 1611 369 Salburo,
1626 342 1652 365 et
1666 341 1812 365 laboratur
1826 349 1875 373 per
1888 341 1989 366 Gerar-

142 385 208 409 dum
226 384 376 409 Persende.
413 384 493 414 Item,
508 384 582 407 circa
597 391 713 416 campos
733 386 884 416 sexaginta
904 387 980 413 octo,
1000 385 1124 416 perticas
1144 383 1213 408 duas
1233 385 1261 407 et
1280 384 1393 407 tabulas
1414 384 1595 416 vigintiduas
1609 387 1682 409 terre
1697 387 1829 416 aratorie,
1849 394 1902 418 que
1915 388 1990 410 terra

141 429 248 453 dicitur
267 428 399 452 braidum
419 428 542 458 salbari,
561 430 588 452 et
608 429 683 461 jacet
703 430 733 452 in
753 428 885 460 Salburo,
905 429 1022 453 coheret
1041 429 1076 452 ab
1096 435 1153 452 una
1173 430 1253 460 parte
1273 428 1320 451 via
1339 429 1472 452 comunis
1491 430 1519 452 et
1539 429 1573 452 ab
1593 429 1660 453 aliis
1681 430 1774 454 dictus
1795 431 1937 459 dominus,
1963 432 1990 454 et

139 472 290 496 laboratur
309 480 358 504 per
377 472 485 496 dictum
505 472 664 496 dominum.
702 473 782 502 Item,
802 474 877 497 circa
892 474 1016 504 quatuor
1029 479 1145 503 campos
1159 473 1233 495 terre
1247 473 1379 501 aratorie,
1394 472 1515 504 jacentis
1530 472 1559 495 in
1574 471 1704 503 Saiburo,
1718 474 1833 498 coheret
1853 482 1867 498 a
1881 473 1989 498 duabus

142 517 271 549 partibus
290 516 384 541 dictus
404 517 546 546 dominus,
567 519 595 541 et
614 517 762 541 laboratur
782 524 831 549 per
851 517 1008 541 Gerardum
1030 516 1176 540 Varolum.
1213 516 1294 546 Item,
1306 517 1381 540 circa
1395 524 1482 540 unum
1498 524 1636 548 campum,
1650 519 1773 548 perticas
1787 519 1855 542 duas
1869 520 1896 543 et
1908 519 1989 543 tabu-

141 561 184 585 las
202 562 311 593 viginti
329 562 403 585 terre
417 561 550 590 aratorie,
563 562 687 594 Jacentis
703 562 731 585 in
752 562 901 593 Pervegla‚
914 562 1027 585 coheret
1041 569 1055 584 a
1070 561 1178 584 duabus
1197 561 1328 592 partibus
1343 560 1437 585 dictus
1457 561 1600 591 dominus,
1616 562 1643 584 et
1656 562 1802 587 laboratur
1821 570 1870 595 per
1882 563 1990 587 Zucha-

139 613 235 636 gnum.
272 605 351 635 Item,
365 606 439 629 circa
453 607 510 630 tres
525 613 648 637 campos,
668 607 792 638 perticas
812 607 905 630 decem
926 607 954 629 et
966 605 1079 629 tabulas
1094 605 1203 637 viginti
1217 607 1290 629 terre
1306 606 1459 637 pratalive‚
1479 605 1601 637 jacentis
1615 606 1691 637 apud
1709 607 1817 631 foveam
1832 615 1989 635 comunem,

142 650 257 674 coheret
276 658 291 674 a
311 650 418 674 duabus
437 651 568 682 partibus
589 652 662 674 idem
683 651 826 679 dominus,
846 652 874 675 et
893 650 1043 674 laboratur
1062 657 1111 682 per
1130 649 1291 679 Xandrum,
1312 650 1438 674 Blasium
1452 652 1479 674 et
1495 649 1641 674 Guasium.
1679 650 1758 680 Item,
1777 652 1853 676 circa
1867 652 1991 683 perticas

140 694 291 719 duodecim
309 696 338 719 et
357 696 467 726 viginti
486 697 610 727 quatuor
629 696 741 719 tabulas
760 697 833 719 terre
851 696 987 723 aratorie,
1005 694 1129 726 jacentis
1151 694 1226 726 apud
1249 695 1361 718 foveam
1382 701 1538 725 comunem,
1561 695 1674 718 coheret
1698 702 1714 718 a
1735 696 1842 719 duabus
1862 697 1991 729 partibus

140 739 216 763 idem
237 740 380 768 dominus,
399 741 427 764 et
446 740 593 764 laboratur
614 748 662 772 per
681 740 841 764 Coatesam.
879 739 957 767 Item,
978 740 1103 770 triginta
1121 740 1178 763 tres
1198 746 1312 770 campos
1332 740 1359 763 et
1378 739 1501 771 perticas
1516 740 1581 763 octo
1596 740 1670 763 terre
1684 741 1818 768 aratorie,
1833 742 1955 773 iacentis
1975 747 1990 765 a

141 784 232 815 pratis
250 783 426 816 Saivagnani
447 792 534 816 usque
555 785 588 808 ad
608 784 771 816 SogIanam‚
793 784 906 807 coheret
926 783 961 806 ab
979 790 1036 806 una
1056 785 1137 814 parte
1157 784 1205 807 via
1224 784 1363 811 comuniS‚
1384 784 1417 807 ab
1438 784 1495 807 aIia
1510 783 1587 807 dicta
1600 782 1725 816 SogIana
1746 786 1773 808 et
1788 784 1881 809 dictus
1896 785 1924 810 d.
1937 785 1989 809 Bo-

142 828 276 858 n1facius,
296 830 323 852 et
343 829 450 852 dicitur
470 829 615 857 Braidum,
635 828 710 860 quod
725 830 766 851 est
785 835 819 851 ex
833 828 893 852 alia
906 827 980 851 villa
994 827 1020 851 S.
1036 828 1109 857 Viti,
1124 829 1151 851 et
1166 828 1312 852 laboratur
1327 836 1375 860 per
1388 828 1579 860 Rustigeilum
1595 829 1622 851 et
1636 827 1791 852 Fulconem
1812 831 1838 853 et
1853 830 1988 860 quosdam

141 872 214 897 alios
234 873 266 896 de
286 873 463 904 Burgofortl.
500 874 580 904 Item,
599 874 675 897 circa
695 879 809 904 campos
830 874 896 896 octo
916 874 944 896 et
964 872 1089 903 perticas
1109 874 1215 904 septem
1237 874 1309 896 terre
1329 874 1462 901 aratorie,
1477 873 1599 906 jacentis
1613 873 1643 896 in
1658 874 1754 897 eodem
1776 874 1840 897 loco
1855 873 1990 897 exlatere

140 918 212 941 dicti
234 918 329 942 Braidi
351 925 446 942 versus
466 918 606 950 paludem,
626 917 740 941 coheret
760 917 793 940 ab
814 924 870 940 una
890 918 971 948 parte
992 917 1037 940 via
1059 918 1199 948 comunis,
1219 917 1253 941 ab
1274 917 1341 941 aliis
1361 917 1455 941 dictus
1481 917 1624 945 dominus,
1645 919 1672 940 et
1692 917 1839 942 laboratur
1859 926 1907 950 per
1930 925 1990 951 pre-

141 961 246 987 dictos.
281 962 362 992 Item,
381 964 457 987 circa
476 963 601 994 qulnque
620 968 736 992 campos
755 962 829 985 terre
844 961 996 992 pratahve,
1014 962 1136 994 J'acentis
1151 962 1181 986 in
1195 961 1386 993 Salbagnone,
1404 962 1520 986 coheret
1539 969 1554 985 a
1569 962 1675 986 duabus
1690 963 1818 994 partibus
1833 963 1927 987 dictus
1941 963 1990 987 do-

139 1007 244 1035 minus,
263 1008 292 1031 et
309 1008 458 1031 laboratur
478 1014 527 1039 per
546 1007 654 1030 dictum
675 1006 832 1030 dominum.
871 1006 950 1036 Item,
971 1006 1047 1030 circa
1067 1014 1182 1039 campos
1203 1007 1295 1030 decem
1316 1008 1344 1031 et
1364 1014 1467 1031 novem
1487 1008 1514 1030 et
1529 1007 1651 1039 perticas
1673 1007 1766 1032 decem
1780 1009 1853 1032 terre
1868 1010 1991 1033 aratorie

141 1051 172 1075 in
192 1051 294 1076 braido
313 1052 447 1084 Nogarie,
469 1051 504 1074 ab
522 1058 578 1074 una
595 1051 676 1082 parte
696 1051 753 1079 via,
774 1051 807 1074 ab
827 1050 895 1074 aliis
915 1050 1010 1074 dictus
1030 1051 1172 1081 dominus,
1190 1053 1219 1075 et
1237 1051 1385 1076 laboratur
1404 1059 1454 1083 per
1467 1052 1622 1083 predictos.
1651 1052 1728 1082 Item,
1744 1054 1820 1076 circa
1833 1053 1904 1077 duos
1917 1061 1990 1077 cam-

142 1103 195 1129 pos
213 1098 287 1120 terre
306 1097 418 1129 prative
436 1096 467 1119 in
487 1094 632 1123 Abissola.
652 1095 768 1119 coheret
787 1095 821 1119 ab
842 1103 897 1119 una
918 1097 999 1127 parte
1018 1097 1076 1124 via,
1095 1096 1130 1120 ab
1151 1096 1219 1120 aliis
1238 1096 1333 1120 dictus
1353 1096 1499 1127 dominus,
1517 1098 1545 1120 et
1566 1096 1716 1121 laboratur
1736 1105 1785 1128 per
1805 1097 1913 1122 dictum
1940 1099 1990 1122 do·

141 1141 259 1165 minum.
294 1141 373 1169 Item,
393 1141 467 1164 circa
487 1140 558 1163 duos
577 1146 693 1172 campos
713 1141 787 1164 terre
806 1140 950 1172 pratalive
970 1142 997 1165 et
1017 1142 1141 1172 quinque
1161 1141 1293 1172 perticas,
1313 1142 1435 1174 iacentis
1462 1142 1491 1164 in
1512 1141 1656 1170 Abissolo,
1677 1142 1705 1164 in
1728 1143 1821 1173 capite
1841 1143 1956 1166 coheret
1976 1151 1990 1167 a

142 1185 249 1210 duabus
268 1185 398 1218 partibus
417 1185 511 1208 dictus
524 1184 666 1213 dominus,
686 1186 714 1208 et
733 1184 880 1208 laboratur
900 1193 949 1216 per
967 1185 1131 1211 Admetum.
1157 1185 1227 1209 Item
1250 1187 1326 1210 circa
1338 1193 1425 1209 unum
1446 1192 1574 1217 campum
1595 1188 1623 1210 et
1643 1186 1794 1210 dimidium
1816 1188 1888 1211 terre
1901 1190 1992 1220 prata-

137 1231 205 1262 live,
226 1238 280 1262 que
298 1230 404 1254 dicitur
422 1230 535 1261 pratum
549 1229 712 1259 rotundum,
732 1230 853 1262 jacentis
874 1231 904 1253 in
924 1229 1069 1261 Abissola,
1090 1230 1204 1254 coheret
1223 1238 1239 1254 a
1260 1230 1368 1254 duabus
1387 1231 1518 1263 partibus
1538 1230 1613 1254 idem
1634 1231 1776 1261 dominus,
1797 1233 1825 1255 et
1844 1232 1992 1257 laboratur

140 1283 190 1308 per
207 1283 278 1299 eum.
313 1274 384 1298 Item
413 1275 490 1298 circa
509 1281 596 1298 unum
610 1281 739 1306 campum
759 1276 786 1298 et
806 1275 930 1307 perticas
950 1274 1020 1299 duas
1039 1277 1067 1299 et
1087 1275 1199 1299 tabulas
1220 1276 1344 1307 quinque
1363 1277 1437 1299 terre
1450 1275 1601 1307 pratalive,
1619 1276 1741 1308 jacent1s
1755 1277 1786 1300 in
1800 1277 1990 1308 Saffiagnone,

140 1320 254 1344 coheret
273 1319 308 1344 ab
326 1326 382 1343 una
403 1321 482 1350 parte
496 1320 553 1349 via,
566 1319 602 1342 ab
617 1319 684 1343 aliis
698 1319 791 1343 dictus
811 1319 955 1349 dominus,
976 1321 1003 1344 et
1022 1320 1169 1344 laboratur
1188 1328 1237 1352 per
1257 1319 1419 1345 Coatesam.
1455 1320 1535 1350 Item,
1551 1321 1625 1344 circa
1645 1328 1731 1344 unum
1746 1329 1874 1354 campum
1889 1323 1916 1345 et
1929 1330 1989 1354 per-

140 1365 213 1389 ticas
232 1366 357 1396 quinque
376 1366 450 1388 terre
469 1364 735 1396 pratalee,jacentis
756 1371 840 1395 penes
860 1366 975 1397 pratum
995 1365 1160 1395 rotundum,
1183 1365 1298 1389 coheret
1312 1373 1327 1389 a
1341 1365 1448 1389 duabus
1462 1365 1594 1397 partibus
1608 1365 1703 1389 dictus
1717 1365 1860 1395 dominus,
1875 1368 1902 1390 et
1916 1367 1991 1391 labo-

141 1410 220 1433 ratur
239 1416 288 1442 per
304 1408 488 1432 Albertinum
502 1408 536 1432 de
550 1407 736 1433 Francolino.
774 1409 853 1438 Item,
873 1409 948 1433 circa
969 1411 1092 1440 quatuor
1111 1417 1227 1441 campos
1241 1411 1269 1434 et
1284 1411 1407 1441 perticas
1421 1411 1546 1441 quinque
1566 1412 1640 1434 terre
1660 1412 1793 1440 aratorie,
1805 1412 1928 1444 jacentis
1942 1412 1988 1436 ubi

139 1454 246 1478 dicitur
271 1453 363 1481 Plata,
389 1454 504 1477 coheret
529 1453 564 1477 ab
590 1461 646 1478 una
666 1455 747 1485 parte
766 1454 813 1477 via
833 1455 972 1483 comunis,
993 1455 1026 1478 ab
1048 1455 1117 1478 aliis
1136 1454 1231 1479 dictus
1251 1454 1394 1483 dominus,
1414 1455 1442 1479 et
1461 1455 1608 1479 laboratur
1627 1463 1675 1487 per
1695 1455 1872 1481 lacobinum.
1910 1456 1988 1487 Item,

138 1499 214 1523 circa
233 1506 321 1523 unum
340 1506 470 1530 campum
489 1499 517 1522 et
537 1505 585 1521 sex
611 1499 734 1529 perticas
753 1500 781 1521 et
801 1498 914 1522 tabulas
934 1499 1076 1523 sexdecim
1096 1500 1169 1523 terre
1189 1499 1323 1530 pratalee,
1344 1500 1464 1532 jacentis
1485 1501 1515 1523 in
1534 1499 1636 1524 eodem
1655 1500 1729 1530 loco,
1749 1500 1863 1525 coheret
1882 1501 1915 1524 ab
1935 1508 1991 1525 una

139 1545 221 1575 parte
239 1544 287 1567 via
307 1543 447 1571 comunis.
466 1543 501 1567 ab
527 1543 585 1566 alia
604 1542 679 1566 idem
706 1542 849 1572 dominus,
868 1544 896 1566 et
916 1543 1063 1567 laboratur
1083 1551 1132 1575 per
1151 1544 1259 1567 dictum
1279 1543 1456 1568 Iacobiuum.
1493 1544 1572 1575 Item,
1592 1545 1667 1568 circa
1687 1546 1809 1575 quatuor
1828 1552 1942 1577 campos
1963 1547 1990 1568 et

140 1595 224 1612 unam
245 1589 383 1620 perticam
401 1589 483 1616 terre,
497 1588 619 1620 jacentis
633 1587 681 1611 ubi
697 1587 805 1611 dicitur
819 1586 928 1617 Fratta,
948 1588 1062 1612 coheret
1081 1588 1115 1612 ab
1130 1596 1186 1612 una
1207 1590 1287 1621 parte
1308 1590 1365 1617 via,
1387 1589 1419 1612 ab
1439 1589 1508 1612 aliis
1527 1589 1622 1613 dictus
1643 1589 1788 1619 dominus,
1801 1591 1829 1614 et
1843 1590 1991 1614 laboratur

140 1639 190 1665 per
211 1632 320 1657 dIctum
339 1633 496 1657 dominum.
534 1632 613 1661 Item,
633 1633 706 1656 circa
726 1639 841 1663 campos
861 1632 1013 1657 duodecim
1027 1635 1054 1656 et
1068 1633 1219 1657 dimidium
1240 1635 1315 1657 terre
1334 1634 1456 1657 aratorie
1475 1635 1503 1657 et
1518 1634 1669 1665 pratalive,
1688 1635 1811 1667 jacentis
1833 1642 1917 1666 super
1930 1635 1993 1659 Bel-

140 1677 258 1708 fredum,
280 1677 395 1702 coheret
414 1685 429 1701 a
450 1676 558 1701 duabus
572 1677 701 1709 partibus
715 1677 807 1700 dictus
823 1676 965 1706 dominus,
985 1679 1012 1701 et
1032 1677 1180 1701 laboratur
1198 1684 1247 1710 per
1265 1678 1421 1702 Iohannem
1435 1677 1551 1702 Iustine.
1583 1678 1661 1707 Item,
1681 1679 1756 1703 circa
1775 1680 1898 1710 quatuor
1917 1687 1989 1703 cam-

140 1729 192 1753 pos
210 1723 285 1746 terre
303 1723 429 1746 aratorie
448 1721 481 1745 de
499 1729 556 1745 una
576 1723 654 1754 pecia
674 1723 748 1745 terre
761 1722 886 1745 aratorIe
900 1729 1063 1753 camporum
1084 1723 1225 1746 sexdecim
1246 1724 1274 1746 et
1293 1724 1465 1754 perticarum
1486 1722 1582 1753 trium,
1602 1724 1724 1756 jacentis
1738 1730 1823 1754 penes
1837 1724 1989 1747 secundam

139 1768 248 1799 peciam
266 1770 350 1797 terre,
369 1774 422 1798 que
440 1768 482 1790 est
501 1773 587 1799 penes
606 1767 736 1799 primam,
751 1774 802 1797 que
816 1768 890 1800 J'acet
906 1768 936 1790 in
951 1767 1057 1791 buscho
1077 1767 1152 1790 Exin
1174 1775 1222 1798 per
1242 1767 1366 1791 medium
1385 1767 1543 1791 helfredum
1564 1767 1590 1792 d.
1610 1768 1797 1797 Marchionis,
1817 1768 1866 1792 ubi
1885 1769 1991 1793 dicitur

140 1810 260 1843 mappa,
281 1811 314 1835 ab
334 1818 390 1835 una
410 1812 491 1842 parte
511 1812 568 1841 via,
587 1811 622 1834 ab
643 1810 710 1834 aliis
729 1811 827 1834 dictus
846 1811 989 1840 dominus,
1013 1813 1042 1835 et
1068 1811 1215 1835 laboratur
1235 1819 1284 1844 per
1302 1811 1436 1835 Iacobum
1463 1811 1626 1836 Galvanum
1651 1813 1679 1836 et
1698 1813 1836 1843 quosdam
1864 1813 1937 1837 alios
1957 1813 1990 1837 de

139 1856 316 1888 Burgoforti.
354 1856 433 1885 Item,
453 1855 528 1879 circa
548 1862 652 1879 novem
671 1862 788 1888 campos
802 1857 875 1879 terre
887 1857 1022 1885 aratorie,
1042 1856 1164 1888 jacentis
1178 1856 1208 1879 in
1227 1856 1324 1880 eodem
1347 1856 1421 1886 loco,
1443 1856 1557 1881 coheret
1575 1857 1611 1880 ab
1630 1863 1686 1881 una
1706 1859 1786 1888 parte
1804 1859 1861 1886 via,
1875 1858 1909 1881 ab
1923 1857 1991 1881 aliis

137 1900 232 1924 dictus
251 1901 394 1931 dominus,
414 1902 442 1924 et
461 1900 608 1924 laboratur
621 1907 672 1933 per
684 1900 848 1924 Falconem.
884 1900 964 1931 Item,
978 1901 1053 1924 circa
1066 1908 1181 1934 campos
1196 1901 1360 1932 quindecim
1381 1903 1408 1925 et
1422 1903 1478 1925 tres
1493 1902 1616 1934 perticas
1632 1903 1705 1926 terre
1718 1903 1843 1926 aratorie
1868 1903 1990 1935 :iacentis

139 1952 224 1977 penes
242 1945 325 1969 illam
345 1945 453 1978 peciam
472 1946 545 1969 terre
565 1946 689 1969 aratorie
710 1946 847 1977 superius,
868 1945 983 1969 coheret
1003 1946 1036 1969 ab
1056 1953 1111 1969 una
1131 1947 1212 1977 parte
1232 1947 1286 1974 via,
1307 1946 1341 1969 ab
1361 1945 1428 1970 aliis
1448 1945 1542 1970 dictus
1561 1946 1704 1976 dominus,
1728 1948 1755 1970 et
1775 1947 1922 1971 laboratur
1942 1955 1991 1979 per

136 1989 292 2013 Falconem
318 1991 345 2013 et
371 1988 534 2014 Galvanum
559 1991 587 2013 et
606 1990 681 2014 alios
700 1989 734 2013 de
754 1989 934 2022 Burgoforti.
959 1990 1038 2020 Item,
1054 1991 1128 2014 circa
1143 1991 1266 2021 quatuor
1291 1998 1406 2023 campos
1426 1992 1453 2014 et
1473 1992 1596 2021 quatuor
1615 1992 1739 2022 perticas
1760 1992 1834 2015 terre
1852 1992 1989 2022 aratorie,

136 2035 259 2067 Jacentis
278 2035 310 2058 in
331 2036 479 2058 contracta
499 2033 609 2064 Casale,
629 2034 743 2058 coheret
757 2035 790 2058 ab
805 2042 861 2058 una
876 2036 955 2066 parte
970 2034 1027 2062 via,
1042 2035 1076 2058 ab
1092 2035 1157 2058 aliis
1172 2035 1265 2058 dictus
1285 2035 1429 2063 dominus,
1442 2036 1470 2059 et
1490 2035 1636 2059 laboratur
1649 2043 1699 2067 per
1713 2035 1885 2060 Galvanum.
1910 2036 1990 2066 Item,

139 2081 215 2103 circa
233 2079 359 2111 quinque
378 2086 494 2111 campos
514 2081 541 2103 et
560 2080 685 2112 perticas
705 2079 855 2103 tresdecim
875 2081 902 2103 et
915 2079 1065 2103 dimidiam
1087 2082 1159 2104 terre
1173 2081 1306 2110 aratorie,
1320 2081 1441 2113 jacentis
1456 2087 1540 2111 penes
1554 2080 1646 2110 illam,
1665 2080 1779 2104 coheret
1792 2081 1828 2104 ab
1840 2088 1897 2105 una
1910 2083 1990 2113 parte

137 2125 194 2153 via,
214 2124 249 2148 ab
270 2124 336 2148 aliis
355 2124 448 2148 dictus
468 2124 612 2153 dominus
631 2126 660 2148 et
679 2123 828 2148 laboratur
841 2131 890 2157 per
910 2123 1074 2149 Fuiconem.
1112 2125 1190 2154 Item,
1211 2125 1285 2148 circa
1306 2126 1362 2149 tres
1376 2132 1492 2157 campos
1511 2126 1539 2148 et
1558 2126 1614 2149 tres
1634 2126 1757 2156 perticas
1772 2127 1845 2150 terre
1857 2126 1992 2157 aratorie,

138 2169 261 2202 jacentis
281 2170 311 2192 in
330 2169 429 2193 eodem
448 2169 523 2198 loco,
542 2169 657 2193 coheret
682 2176 698 2193 a
724 2169 832 2193 duabus
851 2169 982 2200 partibus
1008 2170 1101 2193 dictus
1129 2169 1274 2198 dominus,
1294 2171 1322 2194 et
1340 2169 1488 2194 laboratur
1514 2176 1562 2201 per
1583 2168 1780 2201 Camplonem.
1816 2169 1897 2201 Item,
1916 2172 1990 2195 circa

137 2216 262 2245 quatuor
280 2220 396 2246 campos
416 2215 444 2238 et
463 2214 533 2237 duas
552 2215 676 2245 perticas
695 2215 723 2237 et
742 2214 855 2238 tabulas
876 2214 970 2238 decem
991 2216 1018 2239 et
1044 2216 1110 2238 octo
1137 2216 1211 2238 terre
1231 2215 1365 2244 aratorie,
1385 2214 1506 2248 Jacentis
1527 2216 1556 2238 in
1578 2214 1676 2238 eodem
1701 2214 1775 2243 loco,
1795 2217 1823 2239 et
1843 2215 1991 2240 laboratur

139 2265 188 2289 per
207 2257 372 2283 Galvanum
392 2259 419 2281 et
437 2256 607 2290 Spinelium,
627 2259 671 2282 cui
692 2258 806 2282 coheret
827 2258 860 2282 ab
880 2266 937 2282 una
951 2261 1031 2291 parte
1045 2259 1102 2287 via,
1118 2259 1152 2282 ab
1165 2259 1220 2283 alia
1241 2258 1335 2283 dictus
1356 2258 1498 2283 dominus.
1536 2259 1614 2289 Item,
1635 2260 1710 2283 circa
1730 2259 1802 2283 duos
1821 2267 1936 2291 campos
1962 2262 1990 2285 et

139 2302 294 2326 dimidium
319 2304 347 2326 et
372 2303 494 2334 triginta
518 2304 624 2335 septem
651 2302 764 2327 tabulas
790 2304 863 2327 terre
889 2303 1023 2332 aratorie,
1044 2304 1166 2335 jacentis
1187 2304 1217 2327 in
1236 2304 1335 2327 eodem
1355 2303 1430 2334 loco,
1450 2303 1564 2327 coheret
1584 2311 1598 2327 a
1618 2303 1727 2328 duabus
1747 2304 1876 2336 partibus
1896 2304 1990 2329 dictus

137 2346 279 2377 dominus,
299 2348 326 2370 et
345 2346 494 2371 laboratur
512 2354 561 2380 per
581 2346 772 2379 Gualengum.
806 2347 886 2376 Item,
913 2349 988 2372 circa
1009 2349 1080 2372 duos
1100 2355 1215 2379 campos
1241 2349 1269 2372 et
1289 2348 1358 2372 duas
1384 2348 1510 2381 pertlcas
1530 2350 1558 2372 et
1577 2348 1728 2372 dimidIam
1755 2350 1828 2372 terre
1854 2350 1989 2380 aratorie,

135 2392 258 2425 jacentis
277 2392 308 2415 in
328 2392 426 2416 eodem
444 2391 518 2421 loco,
534 2392 648 2416 coheret
668 2392 702 2416 ab
723 2400 779 2416 una
800 2394 881 2424 parte
901 2393 950 2417 via
970 2393 1110 2421 comunis,
1131 2393 1164 2417 ab
1185 2393 1253 2417 aliis
1273 2393 1347 2416 idem
1369 2392 1512 2422 dominus,
1532 2394 1559 2417 et
1579 2392 1728 2417 laboratur
1753 2400 1802 2425 per
1821 2393 1990 2418 Iacobinum

134 2438 162 2460 et
180 2436 384 2468 Rustigellum.
420 2435 499 2466 Item,
518 2437 593 2460 circa
607 2437 731 2468 perticas
746 2437 879 2462 undecim
897 2439 925 2462 et
944 2438 1069 2469 perticas
1084 2438 1274 2469 quadraginta
1289 2439 1362 2461 terre
1376 2438 1509 2466 aratorie,
1523 2439 1646 2470 Jacentis
1661 2438 1691 2461 in
1705 2439 1804 2462 eodem
1819 2438 1894 2468 loco,
1907 2439 1990 2463 cohe-

135 2482 178 2504 ret
197 2487 213 2504 a
233 2481 340 2504 duabus
359 2480 491 2513 partibus
503 2480 598 2504 dictus
612 2480 755 2509 dominus,
770 2483 797 2505 et
811 2482 962 2506 laboratur
977 2489 1026 2513 per
1047 2481 1217 2506 Galvanum.
1254 2481 1334 2511 Item,
1346 2482 1420 2506 circa
1441 2489 1556 2514 campos
1577 2489 1625 2505 sex
1645 2484 1673 2506 et
1693 2481 1845 2506 duodecim
1866 2483 1990 2515 perticas

137 2526 166 2549 et
184 2525 298 2549 tabulas
318 2526 427 2558 viginti
447 2527 521 2549 terre
541 2527 665 2550 aratorie
685 2526 761 2558 apud
783 2526 864 2550 illam
884 2527 994 2559 peciam
1014 2529 1096 2556 terre,
1123 2527 1239 2551 coheret
1262 2527 1295 2550 ab
1322 2534 1378 2550 una
1404 2528 1485 2558 parte
1512 2527 1560 2550 via
1586 2528 1725 2555 comuniS,
1752 2527 1787 2550 ab
1813 2527 1872 2551 alia
1897 2527 1990 2552 dictus

134 2570 277 2600 dominus,
296 2571 324 2593 et
344 2569 491 2593 laboratur
514 2577 564 2602 per
583 2570 770 2595 Nascimbene
789 2572 817 2595 et
837 2571 975 2602 quosdam
994 2572 1080 2596 alios.
1118 2571 1197 2599 Item,
1213 2573 1287 2595 circa
1308 2578 1424 2602 campos
1444 2573 1499 2595 tres
1514 2572 1636 2603 perticas
1651 2571 1783 2596 undecim
1805 2574 1878 2596 terre
1898 2574 1990 2596 arato-

135 2616 185 2644 rie‚
204 2615 325 2647 jacentIS
346 2614 421 2646 apud
442 2614 531 2643 illam,
551 2614 665 2639 coheret
680 2623 694 2639 a
708 2616 817 2639 duabus
835 2616 965 2647 partibus
985 2616 1079 2640 dictus
1094 2617 1236 2646 dominus,
1258 2617 1285 2640 et
1305 2616 1452 2640 laboratur
1473 2623 1522 2648 per
1535 2615 1695 2648 Spinellum
1709 2617 1736 2640 et
1750 2616 1989 2641 Bonaventuram.

133 2659 214 2689 Item,
233 2659 308 2683 circa
327 2660 384 2683 tres
410 2666 525 2692 campos
549 2661 577 2683 et
602 2661 659 2684 tres
679 2661 802 2691 perticas
823 2662 898 2685 terre
919 2662 1054 2690 aratorie,
1075 2661 1200 2694 Jacentis
1219 2661 1293 2692 apud
1316 2660 1407 2690 illam,
1427 2661 1542 2684 coheret
1562 2661 1595 2684 ab
1617 2668 1673 2684 una
1692 2662 1772 2692 parte
1794 2662 1849 2691 via,
1869 2662 1903 2685 ab
1922 2662 1991 2686 aliis

134 2703 229 2728 dictus
243 2704 387 2732 dominuS,
401 2705 429 2728 et
442 2704 591 2728 laboratur
610 2711 660 2736 per
675 2705 912 2736 Burgumsortem.
938 2704 1018 2735 item,
1033 2706 1109 2729 circa
1123 2705 1194 2729 duos
1208 2712 1324 2738 campos
1339 2707 1365 2729 et
1380 2712 1482 2729 novem
1497 2706 1620 2737 perticas
1634 2707 1707 2729 terre
1722 2706 1855 2733 aratorie,
1868 2706 1991 2739 jacentis

137 2748 211 2782 apud
232 2749 325 2777 istam,
345 2749 460 2772 coheret
480 2749 514 2772 ab
534 2756 590 2772 una
610 2751 690 2780 parte
711 2750 767 2778 via,
787 2750 821 2774 ab
835 2749 894 2773 alia
908 2750 1002 2774 dictus
1017 2751 1159 2779 dominus,
1174 2752 1200 2773 et
1215 2750 1364 2774 laboratur
1378 2757 1426 2781 per
1441 2749 1616 2773 Iacobinum.
1651 2749 1730 2778 Item,
1752 2752 1808 2774 tres
1828 2757 1943 2782 campos
1962 2752 1991 2774 et

134 2792 289 2817 dimidium
307 2794 381 2817 terre
401 2793 666 2825 aratorie,jacentis
687 2794 720 2817 de
739 2795 837 2818 subtus
853 2794 986 2819 domibus
1002 2794 1188 2827 Burgiffirtis,
1207 2794 1321 2818 coheret
1335 2801 1350 2818 a
1364 2794 1474 2818 duabus
1487 2794 1616 2826 partibus
1631 2793 1726 2818 dictus
1740 2794 1884 2824 dominus,
1896 2795 1987 2827 jacen-

133 2837 173 2861 tis
191 2837 240 2861 ubi
260 2837 369 2861 dieitur
386 2837 584 2866 RemiceIIum,
605 2839 633 2861 et
653 2837 800 2862 laboratur
819 2846 868 2871 per
887 2839 1075 2863 Benedictum
1096 2841 1123 2863 et
1142 2839 1281 2870 quosdam
1300 2839 1381 2863 alios.
1419 2838 1586 2866 Remmia-a
1607 2840 1728 2869 quatuor
1747 2846 1863 2871 campos
1883 2841 1910 2863 et
1929 2846 1989 2871 per-

135 2881 208 2905 ticas
228 2889 277 2905 sex
297 2883 325 2906 et
343 2882 456 2906 tabulas
476 2884 598 2913 quatuor
615 2883 690 2906 terre
710 2883 846 2913 aratorie,
864 2884 986 2916 J'acentis
1007 2884 1081 2916 apud
1098 2890 1228 2915 aggerem
1243 2884 1318 2915 apud
1333 2884 1431 2907 bucam
1443 2882 1546 2916 Rupte,
1567 2883 1682 2907 coheret
1701 2884 1735 2907 ab
1755 2891 1813 2908 una
1833 2885 1912 2916 parte
1931 2884 1988 2914 via,

135 2925 171 2950 ab
189 2926 247 2950 alia
266 2925 362 2950 dictus
383 2926 528 2957 dominus,
555 2928 582 2951 et
608 2926 756 2951 laboratur
780 2935 830 2959 per
855 2927 1038 2960 Gualengum
1065 2930 1092 2952 et
1118 2928 1322 2960 Rustige!1um.
1358 2927 1439 2957 Item,
1458 2929 1534 2951 circa
1560 2934 1647 2951 unum
1667 2934 1796 2959 campum
1818 2930 1845 2952 et
1865 2929 1990 2960 quinque

137 2971 261 3002 perticas
281 2972 355 2995 terre
379 2971 512 3000 materie,
532 2971 655 3004 jacentis
681 2972 715 2995 de
740 2972 838 2997 subtus
859 2972 991 2996 domibus
1011 2973 1196 3004 Burgifortis,
1216 2972 1330 2996 coheret
1356 2979 1372 2996 a
1398 2972 1507 2996 duabus
1533 2972 1662 3004 partibus
1683 2972 1775 2997 dictus
1801 2972 1944 3003 dominus,
1963 2975 1990 2997 et
