2290 3449
41 805 79 836 10

43 1123 80 1154 15

39 1446 81 1476 20

36 1710 76 1742 25

33 1978 75 2009 30

33 2246 73 2278 35

33 2513 74 2544 40

32 2776 73 2808 45

105 326 217 358 l’altre
235 335 315 358 cose
331 324 430 357 voler
446 323 640 356 volentiera
657 327 775 354 tornar
793 321 860 353 alla
877 320 1010 362 prison,

105 390 147 411 se*
173 379 206 411 la
236 389 361 422 guerra
393 388 412 409 e
445 377 467 408 'l
497 385 702 418 perseverat
733 375 778 407 de
810 373 928 417 quella
951 382 1011 403 era

105 433 165 474 piu
188 432 274 464 utile
297 431 367 462 alla
389 441 448 462 soa
466 429 578 471 patria
597 429 661 460 cha
678 428 712 459 13
728 438 821 469 pase.
862 428 912 459 La
930 426 1010 469 qual

106 496 188 526 pase
210 496 276 527 pur
298 484 367 516 alla
391 484 437 515 fin
460 482 559 525 segni
583 492 646 523 per
668 482 702 512 la
727 481 849 513 liberta
874 479 931 510 del
956 489 1010 510 so-

107 539 260 570 vraditto
276 547 390 569 meser
406 536 556 576 Iacomo,
573 534 710 567 benche
727 533 924 565 Macaruffo
942 541 1009 563 con

106 592 225 634 alguni
241 591 292 623 soi
308 591 343 623 la
355 590 635 622 desconfortasse
649 592 780 629 quanto
794 585 825 616 el
842 594 1009 626 possesse.

107 645 239 677 Driedo
263 644 297 675 la
321 643 401 686 qual
424 653 505 684 pase
523 642 555 674 el
571 641 724 683 preditto
742 647 852 670 meser
868 638 1009 669 Iacomo

108 699 153 731 da
171 697 321 729 Can-ara
344 695 455 737 chaco
476 696 520 727 de
544 694 639 727 Ρ3ν3
662 693 695 724 01
718 690 909 723 sovraditto
934 689 1010 721 Ma-

109 750 245 783 caruffo
269 760 336 781 con
360 749 479 792 alguni
503 747 554 779 soi
585 744 748 787 complici
782 749 816 775 et
845 743 944 775 amisi
978 749 1012 774 et

107 803 227 846 alguni
252 801 451 835 condemno
475 800 542 832 alla
563 798 698 831 forcha.

200 909 251 944 70.
276 930 313 934 -
342 908 384 940 El
409 907 473 939 m’e
505 914 606 948 parso
632 903 676 936 de
704 903 803 935 voler
827 907 953 935 metter
976 902 1010 933 in

109 969 230 1005 questa
252 962 320 993 mia
344 971 428 993 ovra
451 959 577 1002 algune
603 956 735 998 parole,
759 957 824 988 che
850 956 1009 988 Albertin

110 1017 275 1053 Mussato,
306 1020 410 1056 poeta
447 1021 572 1053 pavan,
609 1009 745 1042 bench&
784 1010 929 1051 inimigo
965 1010 1009 1040 de

110 1069 208 1111 quilli
238 1068 283 1100 da
312 1068 472 1102 carrara,
504 1063 578 1095 dise
610 1070 644 1095 et
674 1063 788 1094 scrive
820 1063 856 1094 in
886 1063 920 1094 la
950 1072 1010 1093 soa

110 1132 194 1154 ovra
210 1121 244 1153 in
262 1121 364 1154 laude
381 1119 424 1151 de
442 1118 488 1150 du
502 1117 580 1149 dela
594 1117 683 1149 ditta
698 1126 779 1148 casa
792 1117 836 1148 da
848 1116 1009 1148 Carrara.

202 1228 252 1263 71.
268 1244 312 1250 -
326 1226 377 1258 La
393 1224 557 1256 auttorita
573 1224 616 1255 de
634 1224 773 1256 Iacomo
791 1223 836 1255 da
859 1223 1010 1255 Carrara

111 1292 170 1315 era
200 1280 342 1313 sublime
374 1283 409 1309 et
440 1276 510 1309 alta
538 1277 574 1308 in
608 1277 640 1308 la
664 1277 733 1308 cita
763 1277 807 1308 de
838 1276 944 1317 Pava,
977 1276 1010 1307 la

111 1334 191 1378 qual
213 1334 311 1365 fasea
334 1332 427 1364 forte
453 1331 484 1363 Ie
514 1330 684 1372 centilece
718 1330 795 1362 dele
829 1330 898 1363 alte
929 1340 1008 1362 case

111 1392 145 1420 et
167 1387 200 1418 la
222 1396 307 1429 gran
332 1394 502 1427 possanca
527 1385 570 1416 de
595 1384 692 1426 quilli
716 1385 760 1415 de
777 1395 857 1415 casa
880 1394 951 1421 soa,
975 1389 1010 1415 et

108 1449 237 1472 ancora
261 1439 294 1470 13
316 1448 378 1470 soa
401 1438 491 1470 virtu
515 1443 611 1469 certa
634 1437 668 1468 13
694 1436 727 1468 13
757 1437 950 1478 republica,
976 1442 1010 1468 et

109 1493 142 1524 13
172 1492 328 1534 provada
362 1501 422 1523 soa
459 1489 651 1523 costancia.
696 1489 739 1521 El
778 1490 857 1532 qual
896 1500 1010 1522 meser

108 1546 250 1578 Iacomo
265 1545 302 1576 in
319 1544 351 1576 13
367 1554 493 1586 guerra
510 1544 554 1575 de
571 1553 685 1574 meser
708 1542 783 1575 Can
808 1543 889 1575 dela
907 1543 1009 1576 Scala

109 1601 146 1631 fo
169 1598 336 1641 portador
359 1597 404 1629 de
419 1596 499 1629 tutti
515 1596 526 1627 i
542 1596 686 1639 besogni
703 1601 736 1628 et
751 1596 904 1639 incargi;
921 1602 1008 1628 tutte

108 1652 140 1684 10
164 1662 244 1685 cose
268 1657 303 1683 et
332 1652 344 1683 i
368 1649 514 1692 consigli
538 1659 644 1681 erano
668 1650 823 1690 emendi,
847 1650 914 1682 che
940 1650 1007 1681 ello

108 1706 220 1737 havea
243 1704 363 1737 limadi
388 1704 443 1736 col
465 1712 503 1734 so
527 1712 655 1740 senn03
680 1708 714 1735 et
739 1714 798 1734 era
823 1713 923 1735 como
939 1713 1008 1734 333

107 1759 257 1791 0010333
288 1758 366 1790 dela
396 1763 491 1789 ‘terra
522 1762 558 1788 et
581 1766 626 1787 un
651 1756 746 1788 fedel
777 1756 907 1800 ligame
940 1756 1007 1787 alla

105 1813 213 1844 union
243 1811 278 1844 di
310 1810 464 1844 citadini.
508 1810 579 1842 Era
613 1810 648 1841 in
679 1809 777 1841 Pava
813 1809 857 1841 de
889 1815 1008 1851 questa

103 1865 304 1898 medesema
327 1874 408 1896 casa
432 1865 476 1896 da
504 1863 653 1896 Carrara
676 1875 723 1895 un
746 1863 835 1895 altro
859 1873 905 1895 no
929 1874 1007 1895 men

103 1924 277 1961 possente,
299 1927 412 1949 meser
434 1916 585 1949 Ubertin
607 1917 745 1954 vechio,
770 1926 855 1957 pare
881 1916 946 1948 che
970 1916 1007 1947 fo

106 1972 148 2004 de
179 1981 293 2003 meser
316 1970 443 2003 Nicolo
468 1971 513 2003 da
537 1970 698 2010 Carrara,
723 1970 754 2002 el
787 1970 868 2013 qual
897 1970 1007 2001 havea

105 2035 192 2067 gran
223 2024 358 2067 seguito
391 2030 426 2057 et
462 2025 561 2056 favor
599 2023 737 2056 d’amisi
769 2029 804 2055 et
838 2033 1007 2065 possanca

104 2078 335 2121 grandissima
358 2084 410 2110 tra
435 2077 466 2109 le
489 2077 664 2120 singulare
692 2082 727 2109 et
758 2076 905 2119 privade
929 2087 1008 2118 per—-

104 2143 200 2165 sone.
245 2133 290 2165 Et
314 2142 374 2164 era
398 2137 451 2163 tra
475 2132 484 2162 i
501 2132 645 2164 citadini
663 2132 707 2163 de
724 2132 820 2164 Ρ3ν3
836 2130 870 2162 13
888 2130 1008 2164 dubio»

105 2186 209 2228 quale
233 2187 269 2217 di
286 2185 469 2218 sovraditti
485 2185 531 2217 du
547 2185 640 2216 fosse
657 2185 716 2226 piu
732 2185 841 2223 savio,
857 2194 877 2216 o
894 2194 1007 2216 meser

105 2238 246 2270 Iacomo
270 2237 415 2281 grande,
440 2248 460 2270 0
484 2243 597 2270 m'eser
619 2237 772 2270 Ubertin
803 2238 927 2270 vechio
960 2238 1006 2269 da

103 2291 262 2324 Carrara.
308 2290 354 2323 Et
379 2289 452 2323 cosi
474 2300 539 2333 per
554 2291 578 2322 li
603 2291 687 2324 tribi
710 2300 830 2333 spesse
854 2291 944 2323 fiade
968 2301 1004 2322 se

101 2345 221 2388 tignea
243 2350 483 2376 rasonamento
507 2344 550 2377 de
567 2350 701 2387 questo,
725 2344 820 2376 salvo
845 2344 910 2376 che
934 2355 1006 2376 me-

103 2408 160 2430 ser
182 2397 324 2430 Iacomo
348 2398 384 2428 in
407 2397 430 2428 li
449 2397 595 2440 consigli
618 2397 749 2439 publici
767 2403 801 2429 et
818 2403 872 2430 tra
888 2398 921 2428 le
936 2397 1005 2429 sin-

103 2451 224 2493 gulare
255 2460 405 2492 persone
437 2461 496 2483 era
527 2450 682 2494 tegnudo
711 2450 771 2492 piu
801 2450 938 2483 solicito
969 2455 1004 2482 et

103 2504 164 2546 piu
193 2504 347 2542 facente,
378 2509 414 2535 et
444 2503 551 2545 pereo
574 2514 634 2535 era
657 2503 716 2546 piu
744 2503 897 2536 temudo.
942 2501 1003 2534 Ma

102 2557 224 2589 siando
248 2556 353 2599 quisti
377 2556 423 2588 du
448 2556 490 2588 de
513 2567 560 2588 un
582 2556 701 2589 volere
727 2561 761 2589 et
793 2557 946 2589 mettuda
972 2557 1004 2588 la

102 2620 162 2642 soa
196 2619 367 2652 possanca
398 2609 539 2648 inseme‚
573 2609 632 2642 elli
663 2610 776 2642 havea
807 2609 841 2641 la
871 2619 1005 2642 somma

100 2662 248 2704 podesta
271 2661 351 2694 dela
373 2668 467 2695 terra
488 2668 522 2694 et
546 2663 589 2695 de
606 2663 722 2706 quella
737 2673 862 2705 possea
880 2663 1006 2704 despo-

101 2726 183 2748 nere
214 2727 234 2748 a
264 2726 301 2748 so
336 2716 482 2757 piasere.
528 2716 572 2747 Et
606 2722 727 2760 queste
764 2716 1003 2757 sovrascripte

102 2769 224 2810 parole
248 2770 281 2801 el
304 2768 460 2802 Mussato
485 2778 528 2801 ne
552 2768 659 2801 l'ovra
683 2780 742 2802 soa
764 2769 862 2811 parla
887 2769 923 2801 di
948 2779 1003 2801 so-

102 2821 288 2864 vrascripti
311 2823 358 2854 du
382 2823 427 2854 da
451 2822 612 2854 Carrara.

192 2980 199 2995 ¹
221 2982 371 3011 Mussaro,
392 2982 435 3005 De
451 2982 549 3013 gestis,
569 2980 617 3011 VI,
639 2987 651 3013 5
679 2981 778 3013 (Mum,
804 2981 837 3010 X,
863 2980 915 3013 654
942 2980 1000 3013 sg).

230 3098 261 3121 T.
289 3097 375 3127 xvlr,
396 3105 421 3130 p.
443 3104 462 3124 1.
487 3097 542 3122 vol.
564 3104 586 3122 11
612 3111 643 3115 —
667 3103 705 3128 15.

461 189 637 226 GESTA
667 187 969 224 MAGNIFICA
999 185 1185 223 DOMUS
1214 184 1602 220 CARRARIENSIS

1889 185 1962 219 225

1153 897 1204 932 70.
1222 916 1262 920 —-
1281 898 1418 930 Placuit
1433 904 1546 931 autem
1561 898 1617 930 hic
1635 899 1782 941 quedam
1801 899 1964 935 inserere,

1065 963 1131 994 que
1156 953 1200 983 de
1224 951 1384 984 laudibus
1410 953 1554 985 heroum
1579 952 1726 985 duorum
1743 952 1787 983 de
1804 952 1965 984 Carraria

1064 1006 1249 1043 Mussatus,
1277 1005 1361 1038 licet
1392 1016 1511 1038 eorum
1535 1006 1652 1044 hostis,
1678 1006 1876 1047 alloquitur,
1899 1006 1966 1037 sci-

1066 1059 1147 1090 licet
1170 1059 1204 1090 d.
1229 1059 1346 1092 Iacobi
1371 1059 1524 1101 predicti
1549 1065 1582 1091 et
1606 1060 1639 1091 d.
1667 1058 1827 1091 Ubertini
1853 1060 1965 1091 senio-

1063 1113 1119 1151 ris,
1143 1113 1203 1155 qui
1221 1113 1273 1145 sic
1297 1114 1345 1146 ait
1361 1116 1380 1146 ¹.

1155 1220 1206 1254 71.
1232 1239 1275 1243 —
1297 1220 1382 1252 Erat
1413 1221 1544 1263 quippe
1577 1221 1696 1253 Iacobi
1728 1220 1771 1253 de
1802 1220 1964 1254 Carraria

1064 1274 1253 1308 auctoritas
1265 1275 1300 1306 in
1314 1275 1458 1307 civitate
1471 1275 1639 1313 sublimis,
1654 1286 1756 1317 quam
1770 1275 1963 1307 fulciebant

1063 1329 1133 1361 alte
1165 1329 1325 1371 prosapie
1355 1330 1618 1371 generositates‚
1648 1334 1852 1371 agnatorum
1875 1327 1964 1358 eius-

1064 1383 1144 1415 dem
1172 1382 1390 1425 cognationis
1417 1382 1659 1424 perexcellens
1696 1382 1866 1424 potentia,
1897 1391 1963 1412 nec

1063 1446 1133 1468 non
1157 1435 1276 1467 Iacobi
1303 1436 1411 1477 ipsius
1442 1436 1478 1467 in
1509 1435 1691 1478 republica
1722 1434 1964 1467 indubitabilis

1062 1490 1098 1521 in
1122 1495 1260 1521 ceteros
1276 1489 1384 1521 virtus
1408 1495 1442 1521 et
1465 1489 1612 1532 probata
1638 1488 1844 1520 constantia.
1899 1488 1963 1519 Illa

1063 1543 1155 1575 enim
1172 1548 1380 1584 tempestate
1393 1548 1427 1575 et
1439 1542 1611 1575 bellorum
1627 1541 1862 1574 anxietatibus
1874 1552 1963 1573 unus

1061 1603 1135 1628 erat
1159 1596 1215 1628 hic
1241 1596 1386 1628 Iacobus
1410 1607 1565 1633 onerum,
1590 1596 1811 1628 consiliorum
1836 1605 1963 1636 oppor-

1060 1651 1315 1693 tunitatumque
1330 1651 1481 1683 omnium
1496 1655 1736 1692 supportatorz
1755 1649 1870 1681 omnia
1886 1659 1962 1680 cre-

1063 1704 1134 1736 dita
1150 1703 1219 1735 suis
1236 1703 1376 1735 elimata
1401 1703 1555 1735 consiliis
1562 1715 1570 1740 ;
1595 1709 1670 1735 erat
1686 1703 1780 1734 urbis
1798 1702 1960 1734 columen

1060 1764 1094 1789 et
1109 1757 1247 1789 unionis
1264 1757 1391 1789 civium
1408 1763 1513 1789 tenax
1530 1763 1565 1790 et
1578 1758 1645 1789 fida
1660 1767 1845 1800 compago.
1877 1757 1961 1789 Erat

1061 1812 1112 1843 illi
1131 1822 1273 1853 compos
1289 1811 1490 1849 Ubertinus‚
1507 1817 1607 1853 pater
1624 1811 1760 1843 scilicet
1773 1811 1807 1842 d.
1821 1810 1960 1842 Nicolai

1063 1865 1107 1897 de
1130 1865 1304 1903 Carraria,
1328 1865 1491 1906 prosapie
1516 1865 1617 1896 huius
1641 1864 1817 1897 secundus
1840 1864 1959 1906 stipes,

1061 1919 1118 1950 cui
1132 1917 1246 1950 valide
1261 1923 1360 1949 erant
1375 1918 1566 1949 amicorum
1584 1916 1825 1960 obsequentie,
1838 1917 1958 1959 sicque

1059 1972 1093 2003 in
1110 1971 1254 2014 privatis
1272 1971 1428 2013 potentia
1442 1981 1512 2003 non
1524 1972 1650 2012 impar,
1662 1970 1817 2003 consiliis
1831 1980 1959 2013 gnarus

1060 2036 1101 2057 ac
1112 2025 1309 2067 perspicax.
1341 2024 1503 2063 Dubium,
1516 2031 1594 2057 uter
1609 2035 1728 2056 eorum
1741 2024 1960 2066 prudentior,

1060 2079 1167 2122 idque
1184 2079 1386 2121 frequenter
1402 2078 1524 2110 Padue
1549 2088 1612 2119 per
1636 2077 1827 2110 diversoria
1845 2083 1958 2110 certa-

1060 2139 1130 2164 tum
1153 2138 1214 2164 est.
1262 2131 1393 2164 Verum
1410 2131 1558 2164 Iacobus
1581 2132 1617 2163 in
1641 2131 1791 2173 publicis
1806 2131 1959 2173 privato-

1060 2196 1204 2228 rumque
1229 2185 1383 2217 consiliis
1406 2185 1569 2218 solertior
1593 2195 1634 2216 ac
1656 2185 1849 2224 factiosior,
1867 2190 1901 2217 et
1916 2195 1958 2217 eo

1058 2240 1169 2282 magis
1184 2239 1313 2271 invisus
1331 2249 1431 2281 quam
1448 2238 1691 2271 formidabilis.
1724 2238 1856 2270 Horum
1872 2238 1959 2270 duo-

1059 2306 1134 2326 rum
1160 2299 1329 2327 concreta
1353 2294 1510 2336 potentia
1532 2294 1567 2325 in
1591 2293 1677 2325 urbe
1707 2304 1873 2326 summam
1897 2304 1958 2335 po-

1058 2353 1218 2380 testatem
1244 2347 1425 2379 obtinebat
1440 2347 1463 2379 2.
1510 2347 1571 2379 Sic
1596 2346 1800 2379 Albertinus
1823 2346 1958 2379 Mussa-

1056 2408 1109 2435 tus
1134 2402 1177 2433 de
1201 2401 1412 2442 supradictis
1435 2401 1717 2434 Carrariensibus
1740 2400 1830 2432 insit.

1146 2978 1155 2994 ²
1176 2980 1325 3009 Musmro,
1345 2979 1389 3003 De
1405 2979 1502 3009 grestis,
1524 2978 1571 3007 VI,
1593 2984 1605 3009 5
1626 2977 1726 3009 (Mum,
1753 2977 1786 3008 X,
1811 2976 1859 3008 654
1889 2976 1951 3008 ες).
