2290 3449
61 422 95 448 60

58 644 92 671 65

59 1178 91 1204 10

59 1399 90 1426 15

57 2069 92 2097 30

59 2516 94 2542 40

61 2739 94 2765 45

481 202 652 239 GESTA
680 198 987 237 MAGNIFICA
1015 202 1201 237 DOMUS
1231 201 1621 238 CARRARIENSIS
1899 203 1970 240 217

125 336 366 360 contrafacientes
386 334 431 358 vel
453 335 600 358 venientes
619 333 714 358 libere'
727 334 827 358 debeat
845 333 985 362 devenire,
1006 335 1035 358 et
1055 341 1089 358 ex
1103 340 1178 357 nunc
1198 333 1290 357 dictus
1312 333 1526 358 contrafaciens
1551 335 1594 358 vel
1616 336 1734 359 veniens
1755 343 1807 367 pro
1827 336 1895 360 aliis
1917 345 1975 361 non

126 379 401 404 contrafacientibus
421 379 466 402 vel
480 378 664 402 venientibus
677 380 787 410 partem
800 385 879 403 suam
894 380 1022 410 precario
1038 378 1195 402 constituit
1214 377 1370 410 possidere.
1406 377 1442 401 Et
1463 378 1516 402 hoc
1537 380 1625 403 eciam
1646 380 1776 404 vicissim
1796 381 1850 404 sibi
1871 383 1976 412 promi-

125 425 223 448 serunt
241 431 290 455 per
308 431 337 447 se
357 429 478 454 suosque
497 423 611 446 heredes
631 424 777 447 attendere
795 424 845 447 sub
866 430 939 455 pena
958 425 986 446 et
1005 423 1037 447 ln
1057 428 1129 454 pena
1150 422 1269 446 duorum
1289 422 1414 445 millium
1436 422 1572 446 librarum
1600 423 1782 448 denarorium
1809 427 1976 449 venetorum

125 475 278 500 parvorum
297 467 417 492 cuilibet
436 474 495 491 non
515 467 740 491 contrasacienti
760 468 805 491 vel
825 467 956 491 venienti
971 468 1000 490 in
1019 466 1146 491 solidum
1167 466 1350 498 applicanda,
1366 468 1394 490 et
1408 473 1480 497 pena
1500 468 1610 491 tociens
1631 470 1826 493 committatur
1840 470 1976 501 quociens

125 512 334 537 contrafactum
361 512 447 536 suerit
472 519 519 536 seu
541 514 650 542 notum,
669 514 697 536 et
716 513 880 536 contractus
901 511 1094 535 nihilominus
1115 511 1144 534 in
1166 517 1217 534 suo
1237 511 1341 534 robore
1361 511 1461 534 debeat
1482 518 1653 542 permanere.
1691 512 1770 544 Item,
1792 514 1866 545 quod
1883 521 1977 538 murus

125 558 265 581 scalarum
285 557 323 580 sit
343 556 474 580 comunis
494 564 509 580 a
529 556 681 580 duodecim
702 557 821 588 pedibus
841 557 931 588 partis
952 555 1051 578 domus
1075 562 1092 578 a
1110 555 1185 578 turri
1205 562 1292 586 usque
1313 554 1347 578 ad
1368 555 1444 579 viam
1466 555 1567 579 domus
1595 559 1707 580 monete
1734 559 1808 581 inter
1828 558 1976 582 dominum

124 602 274 626 Albertum
299 608 334 625 ex
359 608 416 624 una
441 603 521 632 parte
545 603 573 624 et
599 600 748 625 dominum
769 600 952 624 Bonifacium
977 607 1012 623 ex
1038 599 1137 627 altera.
1158 600 1204 622 cui
1227 599 1345 623 domino
1365 599 1519 623 Bonifacio
1542 601 1625 624 venit
1646 601 1746 625 domus
1773 603 1836 626 alba
1863 610 1877 626 a
1903 604 1976 627 turri

125 648 156 670 in
175 647 292 678 partem,
312 647 340 669 et
358 645 435 676 quod
455 646 524 669 dicti
545 645 657 669 domini
678 647 707 669 et
724 645 845 677 quilibet
864 652 962 668 eorum
981 645 1009 667 et
1029 644 1074 667 sui
1093 644 1209 667 heredes
1228 644 1343 676 possint
1362 644 1456 667 levare
1476 644 1586 668 dictum
1606 653 1715 669 murum
1736 647 1874 670 scalarum
1888 655 1977 679 usque

125 691 160 715 ad
185 690 325 723 grondam
345 691 468 721 coquine
492 691 518 715 d.
539 691 651 714 Alberti
678 690 708 714 in
729 690 828 719 altum,
848 691 923 713 sicut
941 690 985 712 est
1004 688 1034 712 in
1055 689 1190 721 presenti.
1228 688 1264 712 Et
1283 689 1358 719 quod
1379 688 1474 713 dictus
1495 689 1522 712 d.
1542 689 1710 714 Bonifacius
1732 697 1779 714 seu
1799 692 1842 715 sui
1862 692 1975 715 heredes

123 737 238 768 possint
257 735 351 759 levare
371 736 404 759 ad
419 742 498 759 suam
514 735 693 759 voluntatem
707 742 817 758 murum
837 735 958 765 coquine
971 734 1030 756 suis
1044 734 1177 764 expensis
1193 733 1270 757 ultra
1285 733 1314 756 id
1329 733 1407 764 quod
1422 734 1506 757 modo
1519 735 1571 762 est,
1592 735 1647 765 sed,
1663 736 1777 766 quando
1791 736 1865 759 alter
1879 743 1976 760 eorum

125 780 203 804 volet
221 780 318 804 levare
337 780 447 804 dictum
466 787 577 804 murum
598 779 738 804 scalarum
758 786 846 810 usque
873 778 907 802 ad
933 777 1073 809 grondam
1094 777 1223 808 coquine,
1242 778 1317 801 alius
1338 778 1472 802 dominus
1492 780 1624 802 teneatur
1643 781 1670 802 et
1691 779 1791 803 debeat
1810 780 1921 804 solvere
1935 781 1976 804 di-

123 823 242 848 midiam
262 826 371 856 partem
390 831 589 856 expensarum,
614 825 642 847 et
661 824 715 847 hoc
741 823 771 847 in
798 829 872 855 pena
892 822 1015 845 inferius
1035 821 1181 846 declarata
1202 824 1229 846 et
1250 822 1358 854 scripta
1378 829 1428 854 per
1448 830 1490 846 me
1511 824 1665 847 notarium.
1703 824 1738 847 Et
1758 825 1833 855 quod
1853 826 1977 856 quilibet

123 869 252 900 ipsorum
273 869 456 893 dominorum
475 875 509 892 ex
530 875 579 892 sua
599 869 678 901 parte
697 867 772 890 muri
797 867 891 898 possit
917 866 1010 890 facere
1034 866 1148 890 edificia
1175 866 1209 890 ad
1236 873 1314 890 suam
1340 867 1519 890 voluntatem
1541 874 1599 890 non
1619 868 1796 892 transeundo
1818 876 1927 892 murum
1948 870 1976 892 in

124 913 281 937 altitudine
300 913 376 937 ultra
395 913 425 936 id
445 912 521 944 quod
541 913 649 936 dictum
669 913 721 942 est,
740 913 768 935 et
788 911 864 942 quod
886 912 915 934 in
937 910 1016 934 dicto
1036 918 1118 934 muro
1138 918 1154 935 a
1174 911 1325 935 duodecim
1347 911 1465 943 pedibus
1486 911 1562 935 ultra
1582 919 1670 943 usque
1690 912 1725 935 ad
1746 913 1896 944 coquinam
1919 921 1976 937 non

121 959 214 989 possit
233 958 340 989 aliquis
359 957 553 989 predictorum
574 957 759 981 dominorum
780 956 872 979 facere
896 955 1025 987 aliquam
1047 956 1200 979 fenestram
1221 956 1251 979 in
1279 955 1360 980 dicto
1380 963 1471 986 mure,
1490 958 1518 980 et
1543 956 1619 987 quod
1640 964 1709 988 aque
1729 957 1840 989 gronde
1860 957 1976 981 illorum

123 1002 273 1026 duodecim
287 1002 399 1033 pedum,
418 1003 466 1033 qui
487 1002 520 1025 de
535 1008 612 1025 novo
633 1001 692 1024 fieri
712 1000 816 1024 debent
830 999 875 1024 vel
896 999 972 1030 fient,
992 999 1082 1023 libere
1102 999 1185 1024 fluere
1204 1002 1232 1023 et
1252 999 1352 1024 cadere
1372 1001 1487 1032 possint
1501 1001 1531 1024 in
1546 1002 1690 1024 curtivum
1712 1008 1844 1033 magnum
1865 1001 1976 1026 domini

122 1046 238 1070 Alberti
258 1047 320 1070 sine
339 1046 570 1070 contradictione
590 1045 682 1077 ipsius
702 1051 874 1076 suorumque
894 1044 1037 1075 heredum,
1059 1046 1087 1068 et
1106 1052 1155 1076 per
1175 1045 1317 1076 seglarum
1335 1045 1457 1076 coquine
1477 1045 1602 1077 predicti
1623 1045 1650 1069 d.
1670 1045 1783 1069 Alberti
1805 1053 1862 1070 non
1884 1047 1978 1078 possit

122 1098 173 1115 nec
192 1091 292 1115 debeat
310 1091 352 1115 ire
370 1097 444 1122 aqua
463 1090 494 1114 in
515 1091 596 1121 parte
615 1090 642 1113 d.
662 1089 819 1117 Bonifacii,
839 1089 887 1112 sed
908 1089 1009 1113 debeat
1028 1088 1129 1113 cadere
1150 1090 1180 1112 in
1202 1096 1279 1113 suam
1302 1091 1419 1122 partem.
1459 1089 1535 1118 Item,
1550 1090 1626 1121 quod
1641 1090 1731 1114 bestie
1751 1090 1868 1114 illorum
1883 1091 1977 1114 domi-

124 1143 225 1159 norum
245 1135 361 1159 illarum
380 1134 499 1159 duarum
519 1135 656 1166 partium,
677 1141 730 1165 que
749 1134 856 1158 habent
877 1134 907 1157 in
929 1133 1002 1157 villa
1022 1133 1112 1166 Agne,
1135 1133 1216 1158 Cessi
1237 1136 1264 1157 et
1290 1134 1476 1166 Burg1fortis,
1502 1135 1529 1158 et
1548 1134 1728 1159 habitatores
1749 1142 1844 1159 earum
1864 1137 1978 1167 possint

121 1180 207 1204 simul
226 1179 377 1212 pasculare
402 1180 432 1203 in
458 1180 558 1211 vigris,
575 1178 769 1210 intelligendo
788 1178 880 1210 vigra,
907 1186 961 1210 que
985 1186 1043 1202 non
1071 1181 1190 1203 arantur
1214 1186 1264 1202 nec
1290 1186 1342 1211 pro
1363 1180 1491 1211 tempore
1511 1179 1676 1207 arabuntur,
1696 1181 1772 1203 etin
1799 1180 1899 1212 pratiS,
1926 1187 1978 1211 que

123 1232 182 1248 non
197 1226 366 1249 secarentur.
403 1224 483 1252 Item,
503 1223 581 1255 quod
601 1223 701 1248 canale
721 1223 807 1247 valIIs
827 1222 878 1247 Rei
900 1231 915 1247 a
934 1225 1029 1247 castro
1050 1224 1121 1248 ville
1140 1224 1231 1255 Agne,
1253 1225 1391 1255 quantum
1411 1225 1507 1255 potest
1524 1224 1566 1247 ire
1592 1231 1691 1248 versus
1712 1224 1837 1248 confinia
1856 1224 1977 1256 Campa—

120 1269 205 1301 geris,
224 1269 264 1293 sit
282 1275 402 1293 comune
416 1269 492 1292 inter
510 1268 590 1300 ipsos
610 1268 746 1292 dominos
767 1267 836 1292 ville
855 1267 948 1300 Agne,
962 1267 1042 1292 Cessi
1055 1270 1083 1292 et
1098 1269 1285 1300 Burgifortis.
1322 1267 1402 1297 Item,
1423 1269 1500 1300 quod
1516 1268 1614 1297 valles,
1635 1276 1703 1300 quas
1723 1269 1852 1293 homines
1867 1271 1976 1301 piscan-

121 1315 168 1337 tur
186 1314 218 1337 in
238 1313 309 1337 villa
329 1313 412 1344 Agne
431 1314 459 1337 et
479 1313 508 1337 in
528 1320 580 1337 suo
600 1312 744 1341 districtu,
765 1311 845 1336 Cessi
868 1314 896 1336 et
916 1312 1094 1344 Burgitortis
1119 1314 1148 1337 et
1166 1313 1225 1337 suis
1245 1312 1416 1341 confinibus,
1435 1314 1495 1337 sint
1515 1315 1542 1337 et
1561 1320 1621 1337 esse
1640 1313 1761 1337 debeant
1781 1313 1863 1337 illius
1877 1315 1976 1345 partis,

118 1357 272 1382 secundum
292 1357 368 1389 quod
389 1359 455 1381 sunt
474 1359 502 1382 et
521 1358 639 1381 manent
658 1364 707 1389 per
726 1359 830 1389 partes,
851 1357 880 1380 in
900 1357 1004 1388 quibus
1024 1358 1155 1390 partibus
1174 1358 1277 1391 jacent.
1314 1357 1394 1386 Item,
1409 1358 1484 1389 quod
1504 1360 1602 1389 portus
1617 1357 1744 1382 fluminis
1764 1358 1858 1390 Vegli,
1877 1358 1977 1391 Burgi-

121 1402 207 1426 fortIS
226 1402 287 1426 sive
305 1401 395 1430 Cessi,
415 1401 584 1433 ubicumque
598 1401 691 1425 factus
711 1401 799 1425 fuerit
812 1408 895 1433 super
908 1401 1010 1433 ripam,
1025 1402 1063 1426 sit
1075 1403 1206 1426 comunis
1224 1403 1300 1426 inter
1313 1402 1382 1426 illos
1396 1402 1468 1426 duos
1487 1402 1622 1426 dominos
1636 1402 1706 1426 ville
1720 1404 1748 1426 et
1761 1403 1900 1434 equaliter
1914 1411 1976 1435 par-

120 1447 242 1478 ticipare
261 1446 383 1470 debeant
401 1446 472 1470 dicti
493 1446 550 1470 duo
571 1445 683 1470 domini
703 1445 843 1477 quidquid
869 1445 1059 1469 lucrabuntur
1084 1452 1119 1470 ex
1143 1454 1186 1476 eo,
1206 1446 1342 1478 ponendo
1372 1446 1441 1470 illuc
1468 1454 1552 1470 unam
1574 1454 1674 1470 navem
1701 1454 1860 1470 comunem.
1896 1447 1976 1476 item,

120 1491 196 1522 quod
215 1498 313 1515 omnes
334 1491 388 1520 vie,
407 1498 460 1522 que
480 1491 566 1515 modo
587 1492 653 1514 sunt
673 1491 750 1514 inter
769 1491 846 1522 ipsas
867 1490 935 1514 duas
955 1491 1049 1522 partes
1077 1491 1147 1515 ville
1173 1492 1264 1523 Agne,
1291 1491 1350 1515 sint
1370 1498 1504 1515 comunes
1525 1492 1601 1515 inter
1619 1491 1689 1515 illos
1707 1491 1839 1515 dominos
1860 1491 1975 1515 illarum

122 1535 240 1559 duarum
260 1535 397 1567 parcium,
419 1536 460 1560 ita
479 1535 556 1566 quod
577 1535 683 1566 aliquis
703 1534 900 1567 predictorum
920 1535 1104 1559 dominorum
1131 1534 1176 1559 vel
1196 1536 1241 1559 sui
1266 1535 1382 1559 heredes
1408 1543 1467 1559 non
1494 1536 1606 1567 possint
1633 1536 1758 1567 aliquam
1783 1536 1976 1567 predictarum

122 1580 235 1604 viarum
254 1582 364 1604 mutare
384 1580 428 1604 vel
450 1587 543 1604 serare
563 1586 653 1611 neque
672 1579 822 1603 devastare
841 1586 889 1603 seu
910 1580 1022 1611 aliquid
1043 1579 1136 1604 facere
1150 1581 1181 1604 in
1195 1582 1287 1604 totum
1308 1580 1354 1604 vel
1369 1580 1399 1604 in
1420 1582 1527 1613 partem
1542 1587 1591 1612 per
1603 1587 1632 1604 se
1647 1587 1696 1604 nec
1711 1588 1759 1612 per
1774 1581 1975 1612 interpositam

122 1632 274 1656 personam
293 1625 354 1649 sine
374 1624 526 1649 voluntate
548 1624 666 1649 alterius
692 1625 784 1656 partis
810 1631 858 1648 seu
884 1624 1009 1648 domini.
1045 1624 1126 1653 Item,
1151 1625 1227 1656 quod
1254 1626 1332 1649 coria
1351 1625 1480 1649 boaterie
1505 1626 1532 1649 et
1559 1625 1648 1649 valles
1675 1625 1708 1648 de
1732 1625 1832 1649 subtus
1857 1632 1892 1649 ex
1918 1626 1975 1650 alia

120 1670 201 1702 parte
221 1669 331 1693 canalis
351 1669 438 1693 vallis
456 1669 508 1693 Rei
529 1670 590 1693 sint
608 1670 637 1693 et
656 1675 715 1693 esse
736 1664 856 1693 debeant
875 1669 1011 1693 comunia
1031 1670 1106 1693 inter
1127 1669 1193 1693 illas
1213 1669 1282 1693 duas
1303 1672 1395 1700 partes
1416 1677 1463 1693 seu
1477 1669 1612 1693 dominos
1625 1670 1696 1693 ville
1710 1670 1792 1701 Agne
1806 1670 1863 1693 isto
1884 1671 1977 1701 pacto,

121 1713 196 1746 quod
217 1713 242 1737 si
262 1714 360 1745 aliquo
380 1715 507 1746 tempore
527 1713 560 1737 de
580 1713 666 1737 dictis
687 1714 775 1737 coriis
801 1715 828 1737 et
854 1713 980 1737 vallibus
1000 1714 1134 1737 venirent
1159 1714 1195 1737 ad
1222 1715 1326 1738 terram
1352 1715 1509 1738 aratoriam
1531 1714 1576 1738 vel
1602 1714 1785 1745 pratalivam,
1811 1714 1887 1745 quod
1912 1716 1976 1738 tota

121 1758 184 1789 illa,
203 1765 256 1790 que
276 1759 396 1789 veniret,
416 1759 455 1782 sit
474 1759 605 1782 comunis
625 1759 702 1782 inter
721 1765 819 1782 omnes
841 1759 966 1790 quatuor
986 1758 1119 1782 dominos
1139 1765 1186 1782 seu
1206 1760 1310 1790 partes.
1347 1758 1426 1786 Item,
1447 1759 1523 1790 quod
1538 1758 1625 1788 volta,
1648 1766 1700 1790 que
1720 1758 1830 1782 dicitur
1850 1759 1929 1783 volta
1949 1759 1975 1783 d.

122 1803 213 1832 Berte,
232 1810 284 1834 que
303 1804 346 1826 est
363 1803 446 1835 juxta
464 1803 624 1826 belfredum
644 1803 829 1834 Burgifortis‚
850 1803 888 1826 sit
907 1803 1038 1826 comunis
1060 1804 1133 1826 inter
1154 1810 1252 1826 omnes
1272 1805 1395 1834 quatuor
1414 1806 1509 1836 partes
1529 1811 1575 1827 seu
1591 1803 1732 1827 dominos.
1771 1794 1941 1835 Itemc‘quod
1962 1811 1976 1827 a

123 1848 198 1876 loco,
217 1847 268 1871 ubi
287 1847 395 1871 dicitur
413 1847 533 1880 Clappa,
553 1848 746 1880 per-medium
766 1847 924 1871 belfredum
944 1847 971 1871 d.
991 1847 1328 1882 MarchionistEstensiQ
1349 1848 1422 1878 quod
1443 1848 1550 1872 dicitur
1570 1848 1705 1877 Bovaria,
1724 1840 1810 1887 us‘que
1830 1848 1864 1872 ad
1890 1848 1975 1871 confi-

122 1893 170 1916 nia
190 1891 306 1925 Capitis
325 1893 437 1925 aggeris
456 1895 518 1917 tota
538 1893 593 1916 illa
612 1892 757 1925 possessio
778 1892 815 1916 sit
835 1894 966 1916 comunis
986 1894 1014 1917 et
1026 1899 1086 1916 esse
1106 1892 1205 1917 debeat
1225 1894 1301 1917 inter
1321 1893 1465 1924 predictos
1480 1895 1603 1924 quatuor
1622 1893 1763 1918 dominos.
1800 1893 1879 1922 Item,
1899 1893 1974 1924 quod

122 1939 245 1962 castrum
265 1944 328 1961 cum
347 1938 445 1962 cincta
464 1937 498 1961 de
518 1945 600 1962 muro
620 1939 648 1962 et
668 1938 762 1962 foveis
782 1939 875 1970 ipsius
894 1938 983 1961 castri
1003 1939 1096 1961 tamen
1118 1939 1180 1961 sine
1200 1938 1341 1966 domibus,
1361 1946 1411 1970 que
1431 1940 1497 1962 sunt
1518 1939 1546 1962 in
1574 1939 1650 1962 dicta
1659 1939 1775 1967 ‘cim-ta,
1795 1939 1834 1961 sit
1854 1945 1975 1962 comune

122 1984 200 2006 inter
218 1982 365 2013 predictos
384 1984 508 2014 quatuor
528 1982 661 2017 dominos
681 1983 766 2006 modo
787 1984 814 2006 et
836 1983 927 2006 forma
953 1983 980 2006 et
999 1983 1060 2015 jure
1080 1982 1209 2014 superius
1237 1984 1405 2007 nominatis.
1441 1983 1521 2011 Item,
1541 1982 1618 2014 quod
1644 1983 1752 2014 aliquis
1777 1982 1974 2014 predictorum

122 2027 305 2051 dominorum
326 2033 384 2050 non
404 2027 498 2058 possit
517 2033 568 2051 nec
587 2026 688 2051 debeat
707 2026 854 2050 destruere
873 2034 922 2050 seu
943 2026 1082 2050 demolire
1108 2027 1139 2051 in
1159 2019 1322 2051 totum-vel
1349 2028 1379 2051 in
1405 2030 1518 2059 partem
1541 2027 1652 2050 edificia
1679 2027 1767 2051 castri
1791 2027 1975 2059 Anguillarie

121 2078 171 2095 sue
189 2071 289 2104 partis,
304 2078 354 2095 nec
375 2071 488 2095 foveam
503 2072 598 2100 castri,
613 2079 664 2095 nec
679 2072 803 2096 cInctam
818 2072 903 2096 castri
920 2072 954 2095 de
968 2079 1057 2100 mum,
1071 2078 1124 2102 que
1138 2073 1180 2095 est
1194 2073 1261 2095 ante
1276 2071 1371 2103 ipsum
1384 2073 1516 2107 castrum.
1544 2071 1624 2100 Item,
1638 2071 1714 2095 cuod
1728 2071 1821 2095 dictus
1840 2072 1866 2095 d.
1886 2071 1973 2095 Boni-

123 2115 216 2140 sacius
235 2122 286 2147 per
304 2122 332 2139 se
352 2122 474 2146 suosque
491 2115 608 2139 heredes
626 2117 758 2140 teneatur
782 2117 811 2139 et
836 2115 936 2140 debeat
956 2115 1065 2139 solvere
1086 2115 1112 2140 d.
1132 2115 1218 2140 Petro
1243 2116 1361 2141 Comi&
1381 2112 1426 2139 irei
1451 2117 1511 2139 suis
1534 2116 1685 2139 heredibus
1711 2116 1863 2148 stipulanti
1885 2115 1974 2139 libras

123 2161 296 2192 quingentas
316 2159 500 2184 denariorum
520 2162 687 2184 venetorum
714 2168 868 2192 parvorum
895 2161 924 2184 in
952 2160 1044 2184 tribus
1068 2161 1158 2192 pagiS,
1186 2160 1358 2192 incipiendo
1384 2162 1495 2184 tantum
1517 2160 1548 2184 in
1575 2160 1708 2192 proximo
1737 2161 1810 2184 festo
1836 2159 1971 2184 Omnium

120 2204 299 2233 Sanctorum,
319 2204 432 2228 scilicet
450 2204 540 2229 libras
560 2206 674 2229 centurn
697 2206 848 2237 sexaginta
866 2212 923 2234 sex,
943 2205 1042 2229 soldos
1062 2205 1214 2229 tresdecim
1239 2207 1267 2229 et
1293 2205 1428 2229 denarios
1454 2207 1578 2236 quatuor
1603 2205 1788 2229 denariorum
1809 2207 1974 2229 venetorum

122 2257 278 2282 parvorum
296 2257 349 2282 pro
369 2249 497 2281 qualibet
515 2257 588 2281 paga
602 2257 651 2274 seu
663 2251 796 2279 termino,
817 2258 850 2274 eo
869 2251 935 2282 quia
949 2258 1014 2282 pars
1027 2257 1077 2274 sua
1096 2251 1208 2274 tantum
1223 2250 1287 2283 plus
1302 2251 1358 2274 fuit
1372 2251 1503 2274 estimata
1519 2252 1598 2281 parte
1618 2250 1688 2274 dicti
1704 2250 1729 2274 d.
1749 2250 1828 2274 Petri
1841 2249 1974 2278 Comitis,

124 2296 154 2319 in
174 2301 248 2326 pena
267 2295 295 2318 et
313 2294 365 2317 sub
384 2301 457 2325 pena
482 2295 605 2319 inferius
631 2295 773 2319 declarata
800 2297 828 2319 et
847 2296 953 2327 scripta
973 2302 1023 2327 per
1047 2302 1091 2318 me
1117 2295 1272 2318 notarium.
1309 2295 1389 2324 Item,
1415 2295 1491 2326 quod
1517 2294 1611 2318 dictus
1632 2295 1658 2318 d.
1683 2295 1852 2318 Albertinus
1872 2301 1921 2326 per
1946 2302 1974 2318 se

123 2345 244 2370 suosque
263 2338 377 2362 heredes
397 2340 528 2363 teneatur
547 2341 575 2363 et
599 2339 700 2364 debeat
725 2340 836 2363 solvere
856 2340 935 2364 dicto
961 2340 987 2363 d.
1013 2339 1099 2363 Petro
1125 2338 1238 2364 Comiti
1264 2339 1310 2363 vel
1336 2340 1394 2363 suis
1420 2339 1571 2363 heredibus
1597 2339 1750 2370 stipulanti
1777 2339 1866 2363 libras
1892 2340 1973 2370 quin-

122 2385 222 2416 gentas
242 2383 426 2407 denariorum
445 2385 613 2407 venetorum
632 2391 788 2417 parvorum
809 2385 838 2408 in
859 2384 954 2408 decem
974 2385 1066 2416 pagis,
1087 2383 1256 2415 incipiendo
1284 2385 1398 2407 tantum
1419 2385 1448 2407 in
1472 2384 1608 2415 proximo
1630 2384 1702 2408 festo
1728 2383 1864 2407 Omnium
1890 2383 1974 2407 Sanc-

123 2431 225 2457 torum,
245 2428 358 2451 scilicet
377 2428 466 2452 libras
485 2428 696 2460 quinquaginta
715 2436 767 2461 pro
787 2429 916 2460 qualibet
936 2436 1018 2461 paga,
1038 2436 1071 2453 eo
1091 2430 1157 2460 quia
1178 2435 1243 2460 pars
1270 2437 1319 2452 sua
1339 2430 1449 2452 tantum
1476 2429 1541 2461 plus
1568 2428 1625 2452 fuit
1647 2430 1781 2453 estimata
1799 2430 1880 2461 parte
1899 2429 1972 2452 dieti

125 2472 152 2497 d.
171 2472 251 2496 Petri
269 2471 404 2500 Comitis,
424 2473 454 2496 in
474 2480 546 2504 pena
565 2474 593 2496 et
612 2473 662 2497 sub
682 2481 755 2505 pena
775 2473 897 2497 inferius
918 2473 1069 2504 declarata,
1091 2475 1199 2505 scripta
1219 2481 1268 2506 per
1284 2481 1327 2497 me
1341 2473 1495 2497 notarium.
1532 2473 1611 2501 Item,
1625 2473 1702 2504 quod
1718 2473 1812 2497 dictus
1826 2474 1853 2497 d.
1874 2473 1975 2497 Alber-

125 2519 204 2542 tinus
223 2524 273 2549 per
292 2524 320 2540 se
339 2524 461 2548 suosque
480 2517 594 2541 heredes
614 2519 743 2541 teneatur
762 2520 790 2541 et
815 2518 916 2542 debeat
940 2518 1053 2542 solvere
1079 2518 1106 2542 d.
1132 2518 1266 2542 Marsilio
1293 2518 1459 2549 supradicto
1485 2518 1530 2541 vel
1558 2518 1619 2541 eius
1644 2518 1794 2542 heredibus
1820 2518 1975 2550 stipulanti

126 2562 215 2586 libras
234 2561 315 2585 mille
334 2561 518 2585 denariorum
537 2564 705 2586 venetorum
725 2570 880 2596 parvorum
908 2565 938 2587 in
965 2563 1060 2587 decem
1086 2564 1177 2594 pagis,
1198 2562 1368 2594 incipiendo
1388 2565 1499 2586 tantum
1524 2564 1554 2586 in
1575 2563 1707 2593 proximo
1738 2563 1810 2586 festo
1836 2562 1972 2586 Omnium

124 2606 303 2635 Sanctorum,
324 2607 434 2631 scilicet
455 2607 544 2630 libras
563 2609 677 2631 centurn
697 2607 882 2632 denariorum
903 2609 1070 2632 venetorum
1090 2615 1244 2639 parvorum
1264 2615 1317 2640 pro
1338 2607 1466 2638 qualibet
1485 2614 1558 2638 paga
1572 2615 1619 2631 seu
1634 2608 1766 2639 termino,
1781 2615 1814 2631 eo
1828 2608 1895 2638 quia
1909 2614 1973 2640 pars

124 2659 174 2675 sua
193 2652 306 2675 tantum
325 2651 389 2682 plus
410 2651 466 2675 fuit
485 2651 616 2676 estimata
635 2654 716 2685 parte
736 2652 806 2676 dicti
828 2652 855 2677 d.
874 2653 1009 2684 Marsilii,
1029 2653 1060 2676 in
1080 2660 1153 2685 pena
1173 2654 1201 2676 et
1220 2653 1270 2676 sub
1292 2659 1363 2684 pena
1386 2652 1508 2676 inferius
1527 2652 1670 2676 declarata
1689 2654 1718 2676 et
1737 2653 1844 2685 scripta
1863 2659 1912 2684 per
1932 2659 1975 2675 me

126 2697 282 2720 notarium.
317 2695 524 2720 Promittentes
544 2696 614 2720 dicti
636 2697 748 2721 domini
769 2696 803 2721 ad
823 2697 947 2721 invicem
968 2698 1093 2721 solemni
1113 2697 1305 2729 stipulacione
1326 2697 1537 2728 interponendo
1563 2698 1658 2721 omnia
1686 2697 1814 2728 predicta
1838 2699 1919 2729 pacta
1946 2697 1973 2720 et

128 2741 243 2773 singula
261 2742 290 2764 et
309 2739 496 2764 condiciones
510 2741 588 2764 firma
601 2742 630 2765 et
642 2741 736 2766 firmas
750 2742 851 2766 habere
865 2743 893 2766 et
905 2744 1001 2766 tenere
1014 2750 1064 2774 per
1077 2750 1105 2766 se
1126 2749 1246 2773 suosque
1266 2742 1381 2766 heredes
1400 2743 1427 2765 et
1448 2749 1505 2765 non
1520 2742 1722 2766 contravenire
1741 2742 1836 2773 aliqua
1857 2741 1973 2765 racione

126 2785 170 2809 vel
189 2793 273 2809 causa
291 2785 419 2817 generali
434 2785 478 2809 vel
499 2786 629 2818 speciali,
649 2787 679 2810 in
699 2793 772 2819 pena
791 2789 818 2811 et
837 2787 889 2811 sub
909 2794 983 2819 pena
1003 2787 1140 2810 librarum
1161 2787 1279 2810 duarum
1294 2786 1418 2810 millium
1434 2785 1616 2810 denariorum
1638 2788 1804 2810 venetorum
1818 2793 1972 2818 parvorum

124 2836 176 2861 pro
196 2829 321 2860 quilibet
340 2829 470 2862 capitulo
489 2832 517 2853 et
537 2830 666 2861 qualibet
687 2831 748 2855 vice
768 2839 825 2855 non
846 2833 960 2855 servato
987 2839 1034 2855 seu
1062 2839 1119 2855 non
1147 2833 1267 2861 servata,
1295 2831 1337 2855 ita
1363 2831 1440 2862 quod
1467 2838 1540 2862 pena
1566 2832 1623 2862 peti
1644 2832 1739 2863 possit
1764 2832 1791 2855 et
1811 2831 1888 2862 exigi
1910 2837 1971 2854 cum

124 2875 222 2898 effectu
242 2881 292 2908 per
310 2876 420 2906 partem
439 2876 467 2899 et
488 2876 592 2907 partes,
611 2881 664 2907 que
683 2876 871 2900 observarent
891 2877 975 2900 semel
996 2878 1023 2900 et
1043 2876 1159 2909 pluries,
1180 2878 1208 2900 et
1227 2877 1340 2900 tociens
1360 2876 1529 2900 comittatur
1542 2878 1569 2900 et
1583 2876 1662 2907 exigi
1681 2877 1773 2908 possit
1792 2883 1853 2900 cum
1873 2875 1973 2899 effectu

120 2919 259 2951 quociens
279 2920 382 2943 contra
401 2920 530 2950 predicta
550 2920 595 2944 vel
617 2920 735 2952 aliquod
755 2921 947 2952 predictorum
971 2922 1075 2946 sactum
1099 2921 1184 2945 suerit
1205 2921 1248 2944 vel
1270 2922 1385 2944 venturu
1401 2920 1434 2944 de
1450 2922 1512 2953 J'ure
1526 2921 1570 2944 vel
1585 2921 1619 2944 (le
1639 2921 1722 2951 facto,
1737 2922 1765 2944 et
1779 2921 1971 2944 nihilominus

59 2961 96 2989 50
125 2964 254 2997 predicta
274 2966 356 2995 pacta
375 2966 402 2988 et
423 2965 537 2996 singula
558 2964 673 2989 valeant
692 2967 719 2989 et
739 2966 892 2990 obtineant
915 2965 1087 2990 firmitatem.
1126 2966 1233 2990 Dantes
1260 2965 1313 2989 sibi
1341 2965 1375 2990 ad
1399 2966 1524 2990 invicem
1545 2965 1668 2997 predicti
1688 2965 1800 2990 domini
1820 2965 1970 2990 licenciam
