2290 3449
312 217 387 251 212
667 212 840 248 GESTA
861 210 1177 247 -MAGNIFICA
1206 208 1390 245 DOMUS
1418 207 1806 243 CARRARIENSIS

306 347 455 371 laboratur
474 352 522 377 per
543 345 740 368 Acheminum.
776 344 853 374 Item,
875 345 950 368 cIrca
970 350 1058 368 unum
1079 349 1207 373 campum
1227 342 1255 364 et
1268 341 1391 371 perticas
1406 346 1454 363 sex
1468 340 1542 363 terre
1555 341 1689 369 aratorie,
1700 339 1823 371 jacentis
1836 346 1921 371 penes
1936 338 2025 368 illam,
2038 337 2153 361 coheret

309 392 343 415 ab
363 398 418 415 una
438 392 517 422 parte
538 390 584 413 via
603 389 744 418 comunis,
764 390 797 412 ab
817 389 885 412 aliis
905 388 1000 412 dictus
1020 387 1163 416 dominus,
1183 388 1211 410 et
1238 385 1387 408 laboratur
1412 392 1461 415 per
1480 383 1683 416 Rustigellum.
1719 383 1790 408 Item
1810 384 1893 411 circa,
1914 384 1971 406 tres
1993 389 2106 414 campos
2126 383 2153 406 et

307 443 392 460 unam
414 436 548 466 perticam
570 436 643 459 terre
661 434 934 466 aratorie,rjacentis
954 433 984 456 in
1000 432 1093 463 capite
1113 430 1216 454 casalis
1235 429 1433 459 Nascimbene,
1452 429 1566 453 coheret
1586 437 1601 453 a
1621 429 1730 453 duabus
1747 428 1877 462 partibus
1897 427 1990 452 dictus
2011 427 2151 457 dominuS,

307 482 335 504 et
355 481 503 504 laboratur
522 486 570 511 per
588 479 785 503 Nascimbene.
823 479 903 508 Item,
923 478 998 501 circa
1018 476 1088 500 duos
1109 482 1223 506 campos
1243 477 1271 498 et
1291 475 1413 506 perticas
1433 475 1557 504 quatuor
1576 473 1610 497 de
1630 473 1729 498 subtus
1741 471 1845 497 casalis
1858 472 1992 504 Spinelli,
2007 472 2120 495 coheret
2140 479 2155 495 a

308 525 416 548 duabus
435 524 563 557 partibus
583 524 676 548 dictus
696 523 836 551 dominus,
850 525 878 546 et
892 522 1040 546 laboratur
1058 528 1107 552 per
1121 520 1290 551 Spinellum.
1322 519 1402 547 Item,
1415 518 1491 542 circa
1512 517 1637 541 medium
1651 525 1782 551 campum
1796 519 1868 542 terre
1883 517 2018 546 aratorie,
2030 517 2153 555 jacentis

308 570 341 593 de
361 569 460 592 subtus
479 568 571 592 casale
590 567 726 598 Galvani,
747 568 859 591 coheret
879 574 895 590 a
915 566 1022 589 duabus
1042 565 1173 596 partibus
1193 564 1286 587 dictus
1307 563 1450 591 dominus,
1469 564 1496 586 et
1522 562 1672 586 laboratur
1693 569 1743 595 per
1768 562 1939 587 Galvanum.
1977 561 2055 590 Item,
2079 561 2155 584 circa

310 614 382 637 duos
402 620 516 645 campos
533 614 560 636 et
580 614 635 636 tres
656 614 778 645 perticas
797 613 870 635 terre
890 609 1155 641 aratorie,jacentis
1175 608 1208 632 de
1228 608 1325 632 subtus
1347 607 1432 631 domo
1452 606 1595 635 Dainesii,
1614 606 1730 630 coheret
1749 614 1764 630 a
1783 606 1891 630 duabus
1911 605 2041 637 partibus
2062 605 2155 629 dictus

309 657 444 681 domiuus
464 659 491 681 et
509 657 656 681 laboratur
675 664 724 689 per
744 656 921 680 Dainesium.
959 654 1039 682 Item,
1059 655 1133 677 circa
1154 660 1201 677 sex
1221 653 1342 684 perticas
1356 654 1429 676 terre
1444 651 1576 679 aratorie,
1595 651 1716 682 jacentis
1737 650 1771 674 de
1791 650 1888 674 subtus
1908 650 2000 674 casale
2019 648 2155 676 oliverii,

308 702 423 726 coheret
443 710 457 726 a
478 702 585 726 duabus
606 702 734 734 partibus
754 700 848 724 dictus
867 699 1010 728 dominus,
1031 699 1058 722 et
1077 698 1225 722 laboratur
1245 705 1293 729 per
1313 695 1484 720 Oliverium.
1520 695 1600 724 Item,
1619 694 1695 718 circa
1715 694 1787 718 duos
1801 701 1915 726 campos
1929 697 2001 718 terre
2021 693 2156 723 aratorie,

307 747 431 779 jacentis
452 747 481 770 in
500 753 601 778 campo
621 745 811 778 Corniglano,
830 744 945 768 coheret
965 743 998 766 ab
1018 750 1074 766 una
1094 745 1174 774 parte
1194 743 1242 766 vIa
1256 742 1394 778 comunis,
1409 741 1442 764 ab
1457 740 1525 764 aliis
1545 739 1639 763 dictus
1658 739 1800 767 dominus,
1821 740 1849 763 et
1868 739 2015 763 laboratur
2034 745 2083 770 per
2096 738 2155 762 An-

309 791 403 814 dream
422 792 450 814 et
469 791 603 814 Zucham.
639 790 718 819 Item,
738 791 814 814 circa
834 790 899 812 octo
919 794 1035 818 campos
1049 788 1076 811 et
1091 786 1243 810 dimidium
1257 787 1331 810 terre
1351 786 1484 812 aratorie,
1496 784 1618 817 Jacentis
1633 784 1664 807 in
1679 783 1842 807 clausurolâ€˜a
1855 783 1930 807 ultra
1950 785 2026 807 viam
2046 782 2156 810 Crucis,

311 842 364 867 que
385 835 439 859 fust
458 834 492 858 de
518 835 603 858 feudo
627 834 796 863 Clementis,
822 833 936 856 coheret
956 832 988 855 ab
1014 839 1069 855 una
1092 833 1173 863 parte
1197 832 1246 854 via
1270 831 1413 858 comunis,
1439 829 1472 853 ab
1499 829 1565 852 aliis
1591 828 1685 852 dictus
1711 828 1856 856 dominus,
1881 828 1910 851 et
1935 827 2082 851 laboratur
2107 833 2157 858 per

310 880 423 903 Petrum
445 880 632 910 Trecognam.
669 879 748 909 Item,
770 878 845 901 circa
865 883 979 908 campos
999 876 1093 900 decem
1112 877 1140 899 et
1154 876 1276 907 perticas
1290 881 1391 898 novem
1406 876 1480 897 terre
1494 873 1628 904 pratalee,
1642 872 1763 905 jacentis
1778 872 1807 895 in
1822 872 1905 903 prato
1928 871 2026 903 longo,
2044 871 2158 896 coheret

313 924 346 948 ab
365 932 421 948 una
435 924 528 957 parte
529 925 576 947 via
590 923 730 952 comunis,
744 923 777 946 ab
793 922 859 946 aliis
873 922 965 945 dictus
980 920 1122 948 dominus,
1136 921 1163 944 et
1177 919 1326 943 laboratur
1339 926 1388 950 per
1401 918 1511 942 dictum
1531 917 1688 945 dominum
1701 919 1729 941 et
1744 916 1819 940 forte
1833 916 1889 940 alie
1903 917 1970 940 sunt
1983 916 2158 941 coherencie.

401 968 433 992 In
453 970 562 1000 partem
583 976 649 992 vero
664 967 691 992 d.
705 966 838 995 Marsilii,
858 967 975 997 accepto
989 973 1048 989 uno
1067 965 1128 988 alio
1142 964 1223 988 brevi
1236 971 1285 996 per
1299 964 1406 987 dictum
1421 969 1538 995 puerum
1553 962 1670 986 nomine
1684 963 1711 985 et
1731 962 1793 985 vice
1807 960 1879 985 dicti
1894 960 2006 984 domini
2019 960 2156 991 Marsilii,

313 1013 376 1046 ipso
396 1012 513 1036 domino
532 1012 664 1036 Marsilio
684 1012 798 1035 volente
818 1012 843 1034 et
862 1010 986 1043 jubente,
1007 1009 1147 1032 venerunt
1172 1009 1268 1032 omnia
1291 1007 1487 1039 infrascripta
1525 1006 1557 1030 In
1578 1006 1689 1038 primis,
1708 1012 1765 1030 una
1785 1005 1885 1029 domus
1905 1005 1938 1029 de
1958 1005 2159 1038 muro,j11cens

313 1057 408 1080 Padue
427 1057 457 1080 in
477 1058 625 1080 contracta
645 1055 672 1080 S.
692 1055 824 1084 Martini,
843 1062 895 1086 que
916 1054 1024 1077 dieitur
1043 1053 1143 1077 domus
1158 1053 1277 1082 monete,
1292 1052 1339 1076 cul
1352 1052 1466 1075 coheret
1481 1051 1514 1075 ab
1534 1058 1592 1075 uno
1605 1051 1700 1082 capite
1720 1052 1748 1074 et
1767 1057 1824 1074 uno
1844 1049 1932 1074 latere
1953 1050 2000 1073 via
2020 1049 2159 1077 comunis,

312 1101 347 1124 ab
366 1101 426 1125 alio
445 1102 539 1132 capite
558 1101 584 1124 d.
604 1099 751 1123 AntonIus
771 1100 805 1123 de
825 1098 1029 1130 Capitevacce,
1049 1098 1077 1121 et
1096 1097 1194 1121 omnia
1212 1096 1288 1120 bona
1308 1095 1634 1128 Infrascripta,jacentia
1653 1095 1684 1118 in
1705 1094 1786 1118 vIllis
1805 1093 1899 1126 Agne,
1920 1093 2010 1124 Cessi,
2029 1092 2160 1118 Garbelli

312 1147 340 1169 et
359 1145 544 1176 Burgifortis,
565 1145 623 1168 suls
643 1144 823 1168 districtibus
837 1146 864 1167 et
878 1142 1021 1167 confiniis.
1057 1142 1090 1165 In
1104 1141 1215 1174 primis,
1230 1148 1316 1164 unum
1331 1141 1456 1164 sedimen
1470 1148 1532 1163 cum
1547 1147 1601 1163 una
1616 1146 1719 1171 magna
1737 1139 1825 1163 domo
1845 1139 1878 1163 de
1891 1145 1974 1162 muro
1993 1137 2113 1162 merlata
2131 1139 2161 1161 et

313 1189 421 1213 duabus
441 1189 572 1213 domibus
592 1188 626 1212 de
645 1190 746 1221 cuppis
766 1189 793 1212 et
813 1196 875 1211 cum
895 1187 1026 1219 pluribus
1044 1186 1197 1218 tegetibus,
1217 1193 1273 1215 ara,
1292 1187 1371 1209 curte
1391 1186 1418 1208 et
1439 1186 1515 1215 orto,
1535 1183 1610 1216 quod
1630 1183 1738 1208 dicitur
1757 1183 1899 1212 donicale,
1919 1184 2015 1216 jacens
2035 1183 2065 1206 in
2085 1181 2158 1206 villa

314 1234 407 1266 Agne,
426 1233 540 1258 coheret
559 1240 575 1257 a
594 1233 686 1257 tribus
705 1233 834 1264 partibus
854 1233 910 1262 via,
929 1233 957 1256 et
976 1231 1125 1267 habitatur
1145 1237 1193 1262 per
1212 1229 1360 1254 dominum
1381 1229 1552 1253 Marsilium.
1590 1228 1668 1259 Item,
1689 1227 1770 1252 aliud
1793 1229 1994 1256 casamentum,
2013 1228 2109 1260 jacens
2128 1227 2159 1251 in

316 1278 393 1302 dicta
413 1278 483 1302 villa
502 1277 594 1309 Agne,
606 1278 636 1300 in
650 1285 706 1308 quo
720 1277 832 1301 habitat
851 1276 1020 1300 Albertinus
1041 1275 1074 1299 de
1093 1274 1237 1305 Strondis,
1257 1275 1372 1298 coheret
1391 1274 1425 1298 ab
1444 1280 1502 1297 una
1521 1275 1601 1305 parte
1616 1273 1672 1303 via,
1685 1273 1719 1297 ab
1733 1272 1801 1297 aliis
1816 1273 1890 1296 idem
1910 1272 2054 1297 dominus.
2081 1271 2161 1301 Item,

314 1322 395 1346 aliud
421 1323 621 1353 casamentum,
648 1323 744 1354 jacens
765 1322 794 1344 in
818 1320 896 1345 dicta
915 1320 988 1344 villa
1008 1320 1098 1352 Agne,
1118 1319 1232 1343 coheret
1251 1319 1285 1343 ab
1304 1326 1361 1343 una
1381 1319 1461 1350 parte
1482 1318 1537 1346 via,
1557 1318 1591 1342 ab
1617 1317 1684 1342 aliis
1705 1317 1779 1342 idem
1799 1317 1933 1341 dominus
1952 1315 2109 1346 Mamilius,
2133 1316 2161 1340 et

314 1366 462 1390 habitatur
480 1373 529 1397 per
548 1365 624 1390 filios
645 1373 670 1397 q.
690 1365 833 1398 Pegoloti.
872 1365 951 1393 Item,
971 1364 1051 1388 aliud
1074 1365 1276 1393 casamentum,
1296 1364 1392 1396 :iacens
1416 1363 1446 1386 in
1467 1362 1545 1386 dieta
1564 1361 1636 1386 villa
1655 1361 1748 1394 Agne,
1768 1362 1797 1385 in
1812 1369 1867 1393 quo
1886 1361 1999 1385 habitat
2017 1359 2161 1385 Gerardus

314 1411 461 1440 Persende,
481 1410 594 1434 coheret
614 1411 647 1434 ab
667 1417 724 1434 una
744 1411 823 1442 parte
843 1410 900 1438 via,
919 1409 954 1433 ab
968 1409 1035 1433 aliis
1050 1409 1124 1433 idem
1141 1409 1284 1433 dominus.
1321 1407 1400 1436 Item,
1413 1406 1493 1431 aliud
1507 1408 1708 1434 casamentum,
1720 1407 1817 1439 jacens
1830 1406 1860 1430 in
1876 1406 1953 1430 dicta
1968 1405 2051 1434 villa,
2063 1405 2094 1429 in
2105 1411 2162 1437 quo

313 1455 427 1480 habitat
444 1455 613 1479 Albertinus
633 1454 667 1478 de
686 1454 874 1482 Francolino,
892 1454 1005 1478 coheret
1024 1454 1059 1477 ab
1079 1460 1135 1477 una
1154 1453 1236 1485 parte
1255 1453 1304 1476 VIa
1316 1452 1457 1481 comunis,
1476 1451 1511 1475 ab
1531 1451 1598 1475 aliis
1617 1451 1691 1475 idem
1713 1450 1856 1476 dominus.
1892 1450 1972 1480 Item,
1985 1450 2066 1474 aliud
2086 1457 2161 1474 casa-

315 1501 449 1530 mentum,
469 1500 565 1533 jacens
586 1500 614 1522 in
635 1499 713 1523 dicta
733 1499 814 1529 villa,
828 1499 859 1522 in
874 1506 929 1529 quo
943 1498 1056 1522 habitat
1070 1497 1217 1529 Johannes
1236 1495 1346 1525 Patrus,
1365 1496 1480 1520 coheret
1499 1496 1534 1519 ab
1548 1503 1605 1520 una
1625 1497 1706 1527 parte
1718 1495 1766 1519 vla
1778 1495 1967 1524 comunis,ab
1987 1494 2055 1519 aliis
2068 1494 2162 1518 dictus

316 1545 458 1569 dominus.
496 1545 574 1573 Item,
587 1543 668 1568 aliud
681 1545 883 1572 casamentum,
897 1544 993 1567 iacens
1007 1543 1037 1567 in
1052 1542 1129 1566 dicta
1143 1541 1223 1570 villa,
1239 1543 1268 1565 in
1281 1549 1336 1573 quo
1349 1541 1460 1565 habitat
1474 1541 1608 1571 Basilius,
1623 1540 1738 1564 coheret
1751 1540 1785 1563 ab
1799 1547 1855 1564 una
1869 1541 1949 1571 parte
1963 1541 2010 1563 via
2023 1538 2163 1567 comursss,

316 1590 349 1614 ab
369 1590 436 1614 aliis
456 1589 531 1613 Idem
551 1589 696 1613 dominus.
732 1588 803 1623 Item
824 1587 903 1612 aliud
923 1589 1126 1617 casamentum,
1146 1586 1223 1618 quod
1242 1588 1321 1610 tenet
1339 1585 1435 1609 dictus
1454 1586 1587 1609 Baxilius
1612 1585 1675 1609 sine
1697 1585 1794 1614 domo,
1811 1585 1909 1617 Jacens
1929 1585 1959 1608 in
1980 1584 2058 1608 dicta
2084 1583 2163 1612 villa,

317 1634 430 1658 coheret
449 1634 482 1658 ab
502 1641 558 1657 una
578 1635 658 1666 parte
677 1634 724 1657 via
744 1634 884 1663 comunis,
899 1632 934 1656 ab
949 1632 1016 1656 aliis
1036 1632 1110 1656 idem
1129 1631 1272 1655 dominus.
1309 1630 1387 1661 Item,
1402 1629 1482 1654 aliud
1496 1631 1695 1657 casamentum,
1709 1630 1804 1662 iacens
1819 1630 1849 1652 in
1870 1628 1948 1653 dicta
1962 1628 2041 1659 villa,
2056 1627 2086 1652 in
2106 1634 2162 1659 quo

316 1679 428 1704 habitat
449 1679 591 1703 Martinus
610 1678 744 1706 Luciam,
762 1678 876 1702 coheret
903 1678 935 1701 ab
955 1685 1011 1702 una
1032 1678 1113 1709 parte
1132 1678 1179 1701 via
1199 1675 1339 1706 comunis,
1359 1675 1392 1699 ab
1407 1675 1476 1699 aliis
1489 1675 1564 1699 idem
1583 1674 1725 1699 domInus.
1762 1674 1843 1702 Item,
1864 1673 1943 1698 aliud
1963 1674 2164 1702 casamentum,

317 1724 412 1756 jacens
432 1722 462 1746 in
483 1722 560 1746 dicta
581 1722 661 1751 villa,
682 1722 712 1745 in
733 1729 788 1753 quo
807 1721 921 1745 habitat
942 1721 1092 1749 Iohannes,
1113 1720 1228 1744 coheret
1247 1719 1281 1743 ab
1295 1726 1352 1742 una
1365 1720 1445 1751 parte
1458 1719 1507 1743 via
1521 1718 1660 1746 comunis,
1680 1718 1715 1743 ab
1730 1718 1798 1742 aliis
1818 1717 1892 1741 idem
1907 1717 2049 1741 dominus.
2084 1716 2163 1747 Item,

317 1767 398 1791 aliud
418 1769 620 1795 casamentum,
639 1767 735 1799 Jacens
755 1767 785 1789 in
806 1759 883 1790 dicta
904 1765 985 1795 villa,
1006 1766 1036 1789 in
1057 1772 1112 1796 quo
1132 1764 1244 1788 habitat
1263 1762 1360 1788 Guido
1386 1763 1514 1793 Boarius,
1539 1763 1655 1786 coheret
1674 1762 1709 1786 ab
1728 1769 1785 1786 una
1805 1764 1886 1793 parte
1904 1762 1953 1785 via
1973 1762 2111 1789 comunis,
2131 1761 2165 1784 ab

318 1812 387 1836 aliis
406 1812 479 1835 idem
500 1812 644 1835 domitius.
681 1811 760 1840 Item,
781 1810 860 1834 allud
881 1812 1083 1841 casamentum,
1102 1810 1197 1842 jacens
1218 1809 1248 1832 in
1269 1809 1346 1833 dicta
1366 1808 1446 1837 villa,
1461 1809 1491 1831 In
1506 1815 1561 1839 quo
1575 1808 1687 1832 habitat
1706 1807 1807 1832 Petrus
1821 1807 1907 1836 Zirie,
1928 1806 2041 1831 coheret
2060 1805 2095 1830 ab
2109 1812 2166 1830 una

319 1858 398 1888 parte
418 1857 466 1880 via
485 1857 625 1887 comunis,
647 1856 680 1880 ab
707 1855 775 1879 aliis
801 1856 894 1879 dictus
920 1855 1062 1880 dominus.
1098 1854 1179 1882 Item,
1205 1853 1286 1878 aliud
1313 1854 1512 1883 casamentum,
1537 1853 1633 1885 jacens
1658 1852 1690 1876 in
1715 1852 1793 1876 dicta
1818 1851 1900 1880 villa,
1927 1852 1956 1874 In
1977 1858 2033 1882 quo
2051 1850 2165 1874 habitat

319 1900 442 1929 DIndus,
462 1901 575 1924 coheret
600 1901 634 1924 ab
660 1908 716 1924 una
741 1901 821 1932 parte
840 1901 890 1924 via
909 1899 1048 1928 comunis,
1075 1899 1108 1923 ab
1130 1899 1197 1923 aHis
1217 1898 1292 1922 idem
1312 1897 1457 1922 dominus.
1496 1897 1574 1925 Item,
1602 1896 1681 1920 aliud
1702 1897 1904 1926 casamentum,
1923 1896 2019 1929 jacens
2038 1895 2069 1919 in
2090 1894 2167 1919 dIcta

319 1945 402 1974 villa,
422 1946 451 1968 in
471 1952 527 1976 quo
547 1945 661 1968 habItat
680 1944 796 1974 Bechus,
818 1944 932 1968 coheret
952 1944 986 1967 ab
1006 1950 1064 1967 una
1084 1944 1164 1975 parte
1178 1944 1225 1967 via
1239 1942 1363 1974 publica,
1378 1942 1412 1966 ab
1426 1941 1492 1966 aliis
1508 1941 1582 1965 idem
1597 1941 1738 1965 dominus.
1774 1940 1856 1970 Item,
1870 1940 1950 1964 aliud
1965 1941 2166 1969 casamentum,

318 1991 414 2022 iacens
433 1990 462 2013 in
484 1989 561 2013 dicta
575 1989 656 2018 villa,
671 1990 701 2013 in
715 1996 771 2021 quo
790 1988 904 2012 habitat
924 1989 1051 2016 Ametus,
1072 1988 1187 2012 coheret
1200 1987 1234 2011 ab
1249 1993 1304 2010 una
1323 1988 1404 2019 parte
1423 1986 1480 2015 via,
1495 1986 1528 2009 ab
1546 1985 1613 2009 aliis
1634 1986 1710 2009 idem
1724 1986 1868 2010 dominus.
1903 1983 1983 2014 Item,
1996 1983 2077 2008 aliud
2090 1991 2166 2008 casa-

321 2035 455 2064 mentum,
473 2034 569 2066 ]'acens
590 2035 620 2057 in
640 2034 716 2057 dicta
736 2033 815 2061 villa,
835 2033 865 2056 in
887 2040 943 2064 quo
957 2033 1070 2056 habItat
1090 2031 1273 2062 Guilielmus,
1285 2031 1400 2056 coheret
1413 2031 1447 2054 ab
1462 2038 1517 2054 una
1532 2031 1611 2061 parte
1627 2030 1683 2060 via,
1699 2029 1733 2054 ab
1746 2029 1815 2054 aliis
1830 2029 1904 2053 idem
1919 2029 2063 2053 dominus.
2087 2028 2167 2057 Item,

319 2078 399 2102 aliud
417 2079 621 2106 casamentum,
633 2079 729 2110 jacens
749 2078 778 2101 in
800 2078 877 2101 dicta
895 2077 979 2107 villa,
997 2077 1029 2100 in
1049 2084 1104 2108 quo
1125 2077 1237 2100 habitat
1257 2076 1414 2107 Agironus,
1428 2075 1542 2099 coheret
1556 2074 1589 2098 ab
1609 2082 1665 2098 una
1685 2075 1766 2105 parte
1784 2074 1841 2102 vla,
1861 2074 1894 2098 ab
1915 2073 1972 2097 alia
1985 2073 2059 2097 idem
2074 2072 2166 2097 domi-

321 2130 373 2147 nus
387 2122 543 2148 Marsilius.
579 2122 658 2150 Item,
674 2122 752 2146 aliud
768 2124 970 2151 casamentum,
990 2123 1087 2155 jacens
1108 2122 1137 2145 in
1153 2121 1230 2144 dicta
1248 2120 1327 2149 villa,
1341 2121 1371 2143 in
1392 2127 1447 2151 quo
1461 2119 1573 2143 habitat
1593 2118 1668 2143 filius
1681 2119 1816 2150 Agironi,
1836 2118 1950 2142 coheret
1964 2118 1999 2142 ab
2017 2124 2074 2142 una
2087 2118 2167 2150 parte

323 2169 378 2196 via,
399 2168 433 2191 ab
453 2167 520 2192 aliis
539 2167 615 2191 idem
634 2166 778 2190 dominus.
811 2166 892 2195 Item,
912 2166 992 2190 aliud
1011 2168 1214 2195 casamentum,
1238 2166 1334 2200 iacens
1360 2166 1389 2188 in
1416 2164 1493 2188 dicta
1513 2163 1594 2194 villa,
1618 2164 1649 2187 in
1675 2170 1732 2195 quo
1751 2163 1863 2187 habitat
1883 2161 2035 2191 Clarielus,
2055 2162 2169 2186 coheret

322 2213 356 2237 ab
376 2219 432 2236 una
451 2213 531 2244 parte
551 2212 600 2235 via
619 2213 758 2242 comunis,
778 2212 812 2235 ab
827 2211 893 2235 aliis
908 2211 982 2235 idem
1001 2211 1146 2235 dominus.
1184 2210 1264 2239 Item,
1283 2209 1362 2233 aliud
1376 2210 1577 2237 casamentum,
1595 2209 1692 2241 jacens
1706 2209 1737 2231 in
1757 2208 1834 2232 dicta
1848 2207 1929 2238 villa,
1944 2208 1973 2231 in
1987 2214 2044 2238 quo
2057 2207 2169 2231 habitat

322 2256 390 2286 Pax,
407 2257 522 2281 coheret
541 2257 575 2280 ab
595 2264 650 2280 una
669 2257 750 2288 parte
770 2256 819 2280 via
840 2256 980 2286 comunis,
994 2256 1027 2280 ab
1041 2255 1100 2280 alia
1115 2255 1188 2279 idern
1202 2255 1344 2278 dominus.
1377 2254 1456 2282 Item,
1470 2253 1548 2277 aliud
1563 2254 1765 2282 casamentum,
1784 2253 1880 2285 jacens
1893 2252 1924 2276 in
1939 2252 2016 2276 dicta
2036 2251 2118 2282 villa,
2137 2252 2168 2276 in

323 2309 378 2333 quo
398 2302 512 2326 habitat
531 2301 671 2331 Xandrus,
693 2301 806 2325 coheret
826 2301 859 2324 ab
880 2308 937 2324 una
960 2301 1041 2333 parte
1061 2301 1117 2331 via,
1133 2300 1167 2324 ab
1186 2299 1244 2323 alia
1257 2299 1330 2322 idem
1347 2298 1490 2322 dominus.
1525 2297 1605 2326 Item,
1619 2297 1701 2321 aliud
1720 2298 1921 2327 casamentum,
1935 2297 2031 2330 jacens
2045 2297 2076 2320 in
2091 2295 2169 2320 dicta

322 2346 404 2376 villa,
424 2347 452 2369 in
474 2353 529 2377 quo
548 2346 661 2369 habitat
681 2345 822 2374 Clemens,
841 2345 956 2369 coheret
975 2345 1008 2369 ab
1028 2351 1084 2368 una
1105 2346 1184 2376 parte
1198 2344 1254 2372 via,
1274 2343 1308 2367 ab
1327 2343 1394 2366 aliis
1408 2343 1483 2366 idem
1498 2342 1640 2366 dominus.
1671 2341 1749 2372 Item,
1766 2341 1845 2365 aliud
1860 2342 2061 2369 casamentum,
2073 2341 2170 2374 jacens

323 2392 352 2414 In
372 2390 450 2414 dicta
470 2390 552 2421 villa,
571 2390 601 2414 in
622 2397 678 2422 quo
698 2389 810 2414 habitat
830 2389 960 2420 Coatesa,
976 2389 1090 2413 coheret
1104 2389 1138 2413 ab
1152 2396 1208 2412 una
1222 2389 1302 2421 parte
1316 2388 1372 2418 via,
1386 2387 1419 2411 ab
1433 2387 1499 2410 aliis
1515 2387 1588 2410 idem
1603 2386 1747 2410 dominus.
1777 2386 1856 2416 Item,
1869 2385 1949 2410 aliud
1963 2386 2168 2414 casamentum,

323 2436 419 2468 jacens
441 2436 471 2458 in
492 2435 569 2458 dicta
591 2434 669 2465 villa,
692 2436 721 2458 In
742 2441 797 2465 quo
817 2434 930 2458 habitat
944 2434 1061 2458 Iacobus
1076 2434 1108 2457 de
1122 2432 1229 2465 Sango,
1243 2432 1357 2456 coheret
1372 2432 1406 2456 ab
1420 2438 1476 2455 una
1491 2432 1571 2462 parte
1590 2430 1647 2459 via,
1661 2431 1695 2454 ab
1710 2430 1776 2455 aliis
1795 2430 1823 2455 d.
1836 2430 1935 2454 Petrus
1955 2429 2066 2454 Comes.
2090 2429 2170 2457 Item,

326 2479 402 2503 aliud
422 2480 624 2507 casamentum,
642 2479 737 2511 jacens
758 2480 787 2502 in
808 2479 886 2502 dicta
906 2478 979 2502 villa
997 2477 1086 2506 Cessi,
1107 2477 1137 2501 in
1152 2485 1208 2509 quo
1221 2477 1332 2501 habitat
1348 2476 1450 2503 Zucha,
1465 2476 1576 2499 coheret
1596 2475 1630 2498 ab
1650 2482 1706 2499 una
1721 2477 1801 2506 parte
1820 2476 1869 2498 via
1889 2475 2028 2502 comunis,
2049 2474 2083 2498 ab
2102 2473 2170 2498 aliis

324 2525 400 2548 idem
420 2524 563 2548 dominus.
601 2524 678 2552 Item,
699 2523 778 2548 aliud
800 2525 993 2547 casamentum
1012 2523 1139 2555 garbum,
1160 2522 1237 2554 quod
1262 2521 1319 2546 suit
1339 2520 1497 2545 Clementis
1517 2520 1618 2549 Rubel,
1636 2521 1733 2552 jacens
1753 2520 1782 2543 in
1798 2519 1871 2543 villa
1891 2517 2115 2548 Cess1,*coheret
2135 2518 2169 2542 ab

326 2575 383 2592 una
403 2569 484 2600 parte
503 2569 562 2597 via,
581 2568 616 2591 ab
635 2567 703 2591 aliis
723 2567 797 2591 idem
818 2567 963 2591 dominus.
1000 2567 1080 2595 Item,
1101 2566 1181 2590 aliud
1202 2566 1404 2595 casamentum,
1423 2566 1520 2598 jacens
1541 2565 1570 2588 in
1592 2565 1669 2589 dicta
1690 2564 1772 2594 villa,
1792 2565 1821 2588 in
1842 2571 1898 2596 quo
1918 2564 2030 2588 habitat
2043 2563 2169 2594 Beatrix,

325 2612 442 2636 coheret
460 2612 494 2636 ab
519 2619 575 2636 una
595 2614 675 2644 parte
697 2612 752 2642 via,
771 2612 806 2636 ab
821 2612 888 2635 aliis
910 2611 984 2635 idem
1005 2611 1149 2635 dominus.
1179 2610 1259 2641 Item,
1273 2609 1352 2634 aliud
1368 2609 1569 2639 casamentum,
1588 2609 1685 2641 J'acens
1705 2609 1735 2632 in
1751 2608 1829 2633 dicta
1843 2608 1924 2639 villa,
1944 2609 1973 2632 in
1988 2615 2044 2639 quo
2058 2607 2172 2632 habitat

325 2656 424 2680 Petrus
438 2656 615 2688 Trochcgna,
630 2656 745 2680 coheret
759 2656 793 2680 ab
808 2663 864 2679 una
885 2658 964 2688 parte
983 2657 1032 2680 via
1052 2655 1192 2684 comunis,
1211 2655 1245 2678 ab
1265 2655 1331 2678 aliis
1346 2653 1420 2677 idem
1441 2653 1585 2677 dominus.
1621 2653 1700 2682 Item,
1715 2652 1793 2677 allud
1813 2653 2014 2683 casamentum,
2027 2652 2124 2685 jacens
2139 2652 2169 2675 in

328 2702 405 2725 dicta
426 2701 506 2732 villa,
529 2702 558 2724 in
579 2708 634 2732 quo
654 2701 765 2725 habitat
788 2699 954 2732 Lacarinus,
981 2701 1096 2725 coheret
1115 2701 1149 2724 ab
1170 2707 1226 2724 una
1244 2700 1323 2732 parte
1344 2699 1390 2722 via
1411 2698 1550 2726 comunis,
1571 2697 1604 2722 ab
1625 2698 1693 2721 aliis
1715 2697 1789 2721 idem
1811 2697 1954 2722 dominus.
1990 2696 2070 2726 Item,
2090 2695 2171 2720 aliud

328 2747 527 2774 casamentum,
546 2746 644 2778 Jacens
657 2745 687 2769 in
703 2746 779 2769 dicta
794 2746 874 2774 villa,
889 2746 920 2770 in
935 2753 991 2777 quo
1006 2745 1118 2770 habitat
1134 2745 1279 2774 Albertus,
1296 2743 1410 2768 coheret
1424 2743 1457 2766 ab
1472 2750 1528 2766 una
1543 2744 1622 2775 parte
1637 2742 1686 2766 via
1700 2743 1840 2772 comunis,
1860 2742 1893 2767 ab
1909 2741 1976 2766 aliis
1991 2741 2066 2765 idern
2077 2741 2171 2765 domi-

329 2798 389 2815 nus.
423 2790 504 2819 Item,
523 2790 602 2814 aliud
623 2791 825 2819 casamentum,
843 2790 940 2822 jacens
962 2790 991 2813 in
1013 2789 1092 2814 dicta
1111 2789 1192 2819 villa,
1213 2790 1242 2812 in
1268 2795 1323 2820 quo
1343 2787 1457 2811 habitat
1484 2786 1626 2811 Gerurdus
1653 2787 1687 2810 de
1713 2786 1901 2819 Capitesilve,
1927 2785 2042 2810 coheret
2062 2785 2095 2809 ab
2115 2791 2171 2809 una

328 2837 407 2867 parte
426 2836 474 2859 via
494 2836 632 2864 comunis,
652 2834 684 2858 ab
704 2835 773 2858 aliis
800 2834 874 2858 idem
900 2834 1043 2858 dominus.
1081 2834 1162 2864 Item,
1181 2833 1260 2857 aliud
1279 2833 1472 2856 casamentum
1493 2831 1634 2860 donicale,
1655 2831 1731 2863 quod
1753 2831 1861 2855 dicitur
1883 2830 2006 2862 Canipa,
2025 2837 2087 2854 cum
2108 2831 2171 2854 toto

332 2880 480 2908 sedimine,
501 2881 530 2903 in
553 2888 608 2910 quo
627 2880 739 2904 habitat
760 2879 896 2910 Libanor,
916 2881 1011 2912 jacens
1032 2880 1061 2904 in
1082 2879 1160 2904 dicta
1180 2879 1259 2907 villa,
1280 2878 1393 2902 coheret
1409 2877 1442 2901 ab
1456 2884 1511 2901 una
1526 2878 1606 2908 parte
1621 2877 1676 2905 via,
1692 2877 1725 2900 ab
1741 2876 1806 2901 allis
1821 2876 1894 2900 idem
1911 2876 2056 2900 dominus.
2091 2874 2172 2904 Item,

328 2924 409 2948 aliud
429 2926 629 2954 casamentum,
648 2925 744 2956 jacens
765 2925 794 2948 in
815 2924 891 2948 dicta
911 2924 993 2952 villa,
1015 2925 1044 2948 in
1066 2931 1121 2955 quo
1141 2923 1254 2947 habitat
1275 2922 1454 2949 Bonamicus,
1475 2921 1591 2945 coheret
1610 2921 1644 2945 ab
1664 2928 1720 2945 una
1742 2923 1822 2952 parte
1841 2922 1889 2945 via
1904 2920 2042 2948 comunis,
2057 2919 2090 2944 ab
2104 2919 2171 2944 anis

331 2969 404 2992 idem
423 2968 566 2993 dominus.
603 2968 682 2998 Item,
703 2968 782 2993 aliud
801 2970 1003 2997 casamentum,
1023 2970 1119 3002 jacens
1134 2969 1162 2992 in
1179 2967 1255 2992 dIcta
1273 2967 1353 2995 villa,
1370 2967 1398 2990 ln
1415 2974 1470 2997 quo
1484 2966 1594 2990 habitat
1610 2965 1827 2993 Floravancius,
1842 2965 1956 2989 coheret
1972 2964 2006 2988 ab
2020 2970 2077 2988 una
2091 2964 2171 2995 parte

2189 734 2221 761 10

2190 957 2221 984 15

2187 1179 2224 1206 20

2192 1402 2226 1428 25

2193 1624 2229 1652 30

2194 1847 2229 1875 35

2196 2069 2232 2097 40

2199 2293 2233 2320 â´5

2200 2515 2235 2542 50

2201 2737 2236 2764 55

2202 2959 2236 2986 60
