2290 3449
327 212 401 247 236
680 210 861 246 GESTA-
882 210 1187 247 MAGNIFICA
1217 211 1406 247 DOMUS
1435 211 1825 249 CARRARIENSIS

323 345 474 371 annuatim
493 345 526 369 de
545 344 626 368 dicto
647 351 761 368 nemore
781 345 868 368 staria
887 346 1024 376 quattuor
1045 345 1191 369 frumenti.
1230 344 1309 373 Item,
1328 351 1415 368 unam
1436 345 1546 377 peciam
1564 346 1639 370 terre
1659 348 1784 371 nemoris
1808 348 1837 371 in
1858 347 1934 371 dicta
1955 349 2096 380 contrata,
2115 351 2168 381 que

323 389 431 421 regitur
455 394 504 419 per
524 386 694 418 Jacobinum
714 393 739 417 q.
760 386 919 415 Michaelis,
945 388 1030 411 unius
1050 388 1142 421 campi
1163 388 1190 412 et
1209 388 1294 411 unius
1313 387 1407 416 tercii,
1426 387 1542 412 coheret
1562 395 1577 412 a
1596 395 1678 413 mane
1697 390 1744 413 via
1763 390 1904 420 comunis,
1925 398 1940 414 a
1960 397 2023 414 sero
2036 390 2166 415 Matheus

323 440 349 464 q.
369 432 462 456 Aiioti
482 433 510 455 et
528 438 544 455 a
564 438 641 455 nona
660 430 759 454 Petrus
779 438 804 462 q.
824 430 968 461 Ubertini,
989 431 1023 455 de
1041 439 1095 463 qua
1115 432 1264 456 annuatim
1284 431 1381 455 reddit
1401 433 1489 456 staria
1508 432 1566 455 duo
1586 432 1655 456 boni
1676 433 1823 458 frumenti.
1859 434 1940 464 Item,
1954 442 2039 458 unam
2058 437 2167 467 peciam

324 479 399 502 terre
418 477 543 500 nemoris
562 477 592 500 in
612 474 837 505 Prevenderoso,
862 482 916 507 que
941 477 1050 508 regitur
1070 483 1119 508 per
1144 476 1293 500 Albertum
1313 484 1339 507 q.
1364 475 1544 506 Vendramis,
1569 476 1689 501 duorum
1718 485 1892 511 camporum,
1919 479 2033 503 coheret
2052 486 2069 503 a
2088 487 2170 504 mane

321 522 420 545 Petrus
439 528 455 544 a
474 520 573 549 Puteo,
593 527 608 544 a
628 526 690 543 sero
711 520 806 543 dictus
827 519 970 550 Albertus,
996 522 1024 543 et
1043 528 1060 544 a
1085 520 1218 545 nullhora
1247 520 1294 544 via
1322 521 1465 551 comunis,
1490 520 1524 544 de
1549 528 1604 552 qua
1629 521 1724 545 reddit
1743 523 1894 547 annuatim
1919 525 2055 555 quattuor
2079 525 2169 548 staria

322 566 392 590 boni
412 565 556 589 frumenti.
594 564 674 595 Item,
692 571 778 588 unam
797 565 908 596 peciam
928 566 1054 589 nemoris
1075 566 1105 589 in
1126 566 1203 589 dicta
1224 567 1365 593 contrata,
1385 572 1439 596 que
1464 566 1573 597 regitur
1591 573 1641 598 per
1665 566 1851 591 Domini‘cum
1870 567 2061 602 Cavaeanam,
2084 569 2169 592 unius

324 611 425 642 campi,
445 610 558 634 coheret
577 617 593 634 a
613 616 695 634 mane
720 609 819 633 Petrus
839 616 854 632 a
874 608 972 638 Puteo,
994 616 1010 633 a
1030 609 1165 634 nullhora
1191 612 1219 634 et
1237 617 1254 634 a
1274 617 1336 634 sero
1356 610 1464 640 Petrus,
1484 611 1532 641 qui
1560 610 1668 634 dicitur
1688 610 1830 644 §achone
1867 612 1937 636 Item
1956 620 2039 636 unam
2060 614 2170 645 peciam

325 656 451 680 nemoris
470 656 500 678 in
521 654 598 678 dicta
618 655 758 683 contrata,
777 659 828 685 que
848 653 956 685 regitur
976 660 1025 686 per
1045 653 1153 678 dictum
1172 654 1370 683 DominIcum,
1386 655 1506 678 duorum
1527 661 1701 687 camporum,
1720 655 1834 680 coheret
1858 664 1874 680 a
1892 664 1973 681 mane
1986 657 2169 689 Johanninus

323 700 480 728 Alchende,
500 707 515 723 a
536 706 599 723 sero
625 699 673 722 via
697 697 878 722 consorcium
902 699 931 722 et
960 705 974 721 a
1000 705 1076 723 nona
1102 699 1271 729 Aicardina,
1297 706 1370 723 uxor
1390 699 1560 731 Johanneti,
1586 699 1732 723 reddendo
1759 701 1908 725 annuatim
1934 702 2022 726 staria
2048 703 2171 733 quatuor

324 745 395 769 boni
421 743 557 768 frumenti
583 749 645 767 cum
671 743 803 766 dimidio.
839 742 920 771 Item,
945 749 1030 766 unam
1055 743 1164 775 peciam
1190 746 1264 767 terre
1293 744 1322 767 in
1350 743 1577 781 Rervenderoso,
1597 750 1650 775 que
1669 744 1778 775 regitur
1795 751 1846 777 per
1863 744 2018 770 Iohannem
2038 745 2169 776 Richum,

325 791 412 814 trium
433 794 606 820 camporum,
626 787 739 811 coheret
753 794 769 811 a
789 793 871 810 mane
889 786 937 810 via
956 786 1088 816 fratrum,
1101 794 1118 812 a
1138 795 1199 812 sero
1213 787 1370 812 Ubertinus
1390 795 1415 819 q.
1430 787 1574 820 Mejorati,
1585 790 1617 820 et
1631 795 1646 811 a
1660 787 1791 812 nullhora
1804 789 1854 812 via
1866 790 2054 821 consorcium,
2070 790 2104 814 de
2117 798 2171 822 qua

326 834 419 858 reddit
438 833 587 857 annuatim
608 832 731 864 quinque
750 831 838 855 staria
856 831 926 855 boni
947 831 1095 857 frumenti.
1131 832 1209 861 Item,
1229 839 1314 856 unam
1340 834 1449 864 peciam
1470 833 1594 856 nemoris
1613 832 1644 856 in
1663 832 1739 856 dicta
1759 834 1899 862 contrata,
1918 840 1972 864 que
1994 836 2102 866 regitur
2122 843 2171 867 per

324 878 510 902 Dominicum
524 877 677 909 Johannis,
698 876 755 900 fere
770 875 858 899 'unius
878 876 960 900 tercii
982 877 1086 908 campi,
1106 877 1220 901 coheret
1241 885 1256 901 a
1276 884 1358 902 mane
1383 877 1503 901 Betinus
1529 884 1554 908 q.
1574 876 1721 907 Meiorati,
1747 884 1763 901 a
1788 885 1850 902 sero
1876 877 2061 903 Crescencius
2088 878 2171 903 Cam-

324 931 398 956 pana
423 924 451 947 et
476 930 491 946 a
518 929 595 946 nona
622 920 787 950 Ubertinus,
813 920 863 952 qui
883 920 989 944 dicitur
1007 919 1104 951 Plot0,
1123 921 1157 945 de
1176 929 1230 953 qua
1249 921 1343 946 reddit
1365 923 1515 946 annuatim
1535 922 1624 946 staria
1638 921 1694 945 duo
1714 922 1784 946 boni
1805 921 1950 947 frumenti.
1986 922 2065 954 Item,
2087 930 2172 947 unam

326 968 436 1001 peclam
455 968 581 992 nemoris
601 967 631 990 in
651 966 727 990 dicta
746 966 887 994 contrata,
907 971 958 996 que
979 966 1086 996 regitur
1105 973 1153 997 per
1173 964 1371 990 Crescencium
1390 974 1415 998 q.
1435 966 1564 997 Viviani,
1585 966 1671 991 unius
1691 967 1783 999 campi
1804 967 1930 991 etunius
1948 958 2042 998 tercii,
2059 967 2172 992 coheret

326 1021 341 1038 a
361 1019 423 1037 sero
444 1013 469 1036 d.
485 1012 605 1044 jacobus
624 1010 752 1039 Patarus‚
771 1017 787 1034 a
807 1016 888 1033 mane
907 1009 1079 1033 Dominicus
1098 1017 1161 1033 cum
1181 1012 1271 1042 patre,
1291 1013 1319 1035 et
1339 1019 1353 1035 a
1374 1018 1450 1035 nona
1469 1011 1635 1040 Ubertinus,
1645 1012 1692 1042 qui
1714 1011 1822 1035 dicitur
1840 1011 1936 1039 Ploto,
1950 1011 1984 1035 de
1997 1019 2050 1043 qua
2064 1019 2172 1036 annua-

326 1058 379 1082 tim
400 1057 494 1081 reddit
513 1055 600 1080 staria
620 1054 676 1078 duo
696 1055 765 1078 boni
790 1054 936 1078 frumenti.
964 1054 1042 1082 Item,
1062 1061 1149 1078 unam
1170 1057 1278 1087 peciam
1298 1057 1422 1080 nemoris
1436 1057 1466 1079 in
1481 1056 1706 1086 Prevenderoso,
1725 1063 1778 1087 que
1798 1055 1906 1088 regitur
1919 1056 2173 1088 perJohanninum

325 1110 350 1134 q.
371 1102 527 1131 Alchende,
546 1101 633 1124 trium
657 1106 828 1132 camporum,
850 1099 964 1123 coheret
983 1106 998 1123 a
1018 1106 1100 1124 mane
1119 1100 1167 1123 via
1187 1100 1376 1131 consorcium,
1396 1108 1412 1124 a
1432 1107 1493 1124 sero
1512 1100 1683 1124 Dominicus
1703 1099 1854 1134 Cavacana
1874 1102 1902 1124 et
1921 1107 1937 1125 a
1957 1108 2032 1125 nona
2051 1102 2172 1126 Beneve-

328 1148 412 1170 nutus
431 1145 617 1175 tabernarius,
637 1144 669 1168 de
689 1151 742 1176 qua
762 1143 856 1167 reddIt
876 1143 1023 1167 annuatim
1043 1144 1131 1168 staria
1151 1145 1271 1175 quatuor
1291 1152 1353 1168 cum
1366 1144 1490 1168 dimidio
1503 1145 1571 1168 boni
1595 1145 1740 1169 frumenti.
1775 1144 1855 1173 Item,
1866 1152 1951 1169 unam
1971 1146 2081 1178 peciam
2099 1146 2173 1170 terre

328 1190 452 1215 nemoris
472 1191 501 1213 in
521 1190 617 1213 eadem
637 1190 777 1217 contrata,
799 1195 851 1219 que
870 1187 980 1218 regitur
999 1195 1047 1219 per
1066 1187 1210 1218 Perotum,
1230 1188 1348 1212 duorum
1369 1195 1541 1221 camporum,
1556 1189 1673 1213 duarum
1688 1189 1859 1221 perticarum
1873 1191 1900 1213 et
1913 1189 2076 1214 tabularum
2088 1190 2171 1221 quin-

325 1235 464 1267 quaginta
483 1234 576 1263 unius,
596 1234 710 1257 coheret
730 1241 745 1257 a
765 1239 846 1257 mane
867 1231 1050 1257 CrescencIus
1070 1233 1104 1256 de
1122 1232 1280 1263 Alchende,
1298 1240 1314 1257 a
1335 1240 1396 1257 sero
1416 1233 1464 1257 via
1483 1235 1665 1258 consorcium
1685 1236 1713 1258 et
1732 1241 1747 1257 a
1768 1234 1903 1258 nullhora
1924 1235 1951 1259 d.
1973 1234 2171 1264 Nascimbene,

327 1281 359 1305 de
379 1288 434 1311 qua
454 1278 547 1303 reddit
566 1279 717 1302 annuatim
737 1277 826 1302 staria
845 1278 902 1301 tria
921 1279 948 1301 et
968 1284 1056 1300 unum
1083 1278 1259 1308 quarterium
1278 1277 1350 1301 boni
1373 1278 1519 1302 frumenti.
1556 1278 1635 1306 Item,
1654 1285 1739 1302 unam
1760 1280 1870 1311 peciam
1896 1278 2021 1302 nemoris
2039 1279 2071 1303 in
2096 1278 2174 1303 dicta

327 1326 465 1353 contrata,
479 1331 531 1355 que
546 1324 655 1354 regitur
675 1329 723 1354 per
742 1322 943 1346 Crescencium
963 1321 996 1345 de
1015 1321 1177 1352 Alchenda,
1196 1321 1318 1346 duorum
1337 1329 1510 1355 camporum,
1528 1322 1641 1347 coheret
1661 1330 1675 1346 a
1696 1330 1776 1347 mane
1796 1324 1932 1355 magister
1951 1323 2054 1351 Bonus,
2074 1331 2090 1347 a
2110 1330 2172 1347 sero

327 1371 425 1394 Petrus
444 1376 470 1401 q.
491 1367 621 1392 Conradi
641 1367 750 1391 notarii
770 1368 798 1390 et
818 1374 832 1390 a
854 1374 930 1390 nona
950 1367 1150 1390 Mansredinus
1164 1373 1189 1398 q.
1204 1365 1327 1391 Martini
1346 1367 1446 1396 Rubei,
1462 1367 1495 1391 de
1509 1374 1562 1398 qua
1582 1369 1732 1391 annuatim
1747 1367 1844 1391 reddit
1857 1368 1915 1392 tria
1931 1369 2019 1391 staria
2032 1368 2103 1392 boni
2117 1368 2175 1392 fru-

328 1414 428 1438 menti.
463 1413 542 1440 Item,
561 1419 647 1436 unam
667 1413 778 1444 peciam
798 1412 922 1435 nemoris
942 1411 972 1435 in
989 1411 1213 1442 Prevenderoso,
1232 1418 1285 1444 que
1304 1413 1413 1443 regitur
1433 1412 1482 1444 per
1500 1411 1715 1436 Manfredinum
1735 1420 1761 1443 q.
1780 1412 1912 1441 Martini,
1926 1414 2048 1444 quatuor
2061 1420 2172 1445 campo-

328 1466 398 1487 rum,
415 1458 586 1490 perticarum
606 1457 703 1486 trium,
722 1456 835 1480 coheret
854 1463 870 1480 a
889 1456 1022 1480 nullhora
1042 1456 1179 1488 magister
1199 1456 1303 1486 Bonus,
1322 1463 1338 1480 a
1358 1463 1441 1480 mane
1459 1455 1624 1480 Solimanus
1644 1458 1671 1480 et
1690 1464 1706 1480 a
1720 1464 1782 1480 sero
1796 1458 1844 1480 via
1864 1458 2055 1487 consorcium,
2068 1457 2102 1481 de
2121 1465 2175 1489 qua

328 1503 422 1528 reddit
434 1503 583 1527 annuatim
595 1509 644 1525 sex
656 1502 745 1525 staria
758 1501 826 1525 boni
837 1500 983 1524 frumenti.
997 1500 1076 1532 Item,
1090 1508 1175 1524 unam
1187 1502 1295 1532 peciam
1305 1503 1379 1525 terre
1389 1501 1420 1525 in
1431 1501 1531 1525 eodem
1545 1503 1686 1530 contrata,
1699 1509 1752 1532 que
1764 1503 1878 1525 tenetur
1891 1509 1939 1533 per
1953 1500 2176 1536 Galcegnanum,

329 1549 447 1572 duorum
467 1553 642 1578 camporum,
661 1546 776 1577 cqheret
796 1553 810 1569 a
829 1552 892 1569 sero
918 1546 966 1569 via
986 1546 1176 1575 consorcium,
1196 1547 1224 1569 et
1243 1552 1259 1569 a
1279 1545 1411 1569 nullhora
1431 1545 1631 1569 Manfredinus
1651 1545 1760 1570 Grotus
1779 1548 1808 1569 et
1827 1552 1843 1569 a
1862 1552 1943 1570 mane
1956 1546 2129 1576 Sulimanus,
2142 1547 2176 1570 de

328 1600 381 1625 qua
401 1592 496 1616 reddit
514 1592 571 1616 tria
590 1592 680 1615 staria
699 1591 767 1615 boni
789 1590 926 1617 frumenti
946 1591 1025 1614 omni
1047 1598 1131 1614 anno,
1167 1589 1248 1619 Item,
1267 1597 1352 1614 unam
1371 1590 1482 1623 peciam
1500 1592 1573 1615 terre
1592 1591 1622 1615 in
1644 1590 1740 1614 eadem
1760 1592 1903 1620 contrata,
1923 1597 1975 1622 que
2000 1591 2109 1623 regitur
2128 1598 2177 1623 per

328 1637 526 1662 Marcoardum
545 1644 572 1667 q.
591 1635 759 1665 Clementis,
779 1637 902 1667 quatuor
920 1642 1093 1667 camporum,
1113 1634 1226 1658 coheret
1245 1642 1261 1658 a
1281 1642 1362 1658 mane
1380 1634 1543 1659 Sulimanus
1564 1636 1591 1659 et
1611 1635 1672 1665 alii,
1691 1642 1706 1658 a
1727 1642 1804 1659 nona
1826 1635 2013 1659 Nascimbene
2032 1637 2060 1659 et
2081 1643 2097 1659 a
2117 1636 2177 1659 nul—

328 1683 409 1707 lhora
429 1682 640 1716 Galcegnanus,
658 1681 692 1705 de
711 1687 765 1712 qua
784 1679 880 1704 reddit
898 1681 978 1704 omni
997 1686 1075 1704 anno
1102 1681 1225 1711 quatuor
1249 1679 1339 1704 staria
1357 1679 1427 1703 boni
1447 1679 1583 1703 frumenti
1607 1686 1668 1702 cum
1689 1679 1821 1703 dimidio.
1858 1679 1938 1709 Item,
1960 1687 2044 1704 unam
2069 1681 2178 1713 peciam

328 1727 453 1751 nemoris
473 1728 503 1750 in
524 1726 601 1750 dicta
621 1726 761 1755 contrata,
781 1732 834 1756 que
858 1724 968 1756 regitur
993 1731 1043 1757 per
1069 1723 1282 1748 Benevenutum
1308 1724 1474 1754 barberium,
1501 1724 1621 1748 duorum
1645 1731 1818 1756 camporum,
1841 1724 1955 1748 coheret
1980 1731 1997 1748 a
2022 1732 2103 1749 mane
2128 1725 2177 1749 via

328 1772 517 1802 consorcium,
536 1778 551 1795 a
572 1777 635 1794 sero
654 1769 768 1794 heredes
788 1769 952 1793 Pertimasii
973 1771 1000 1793 et
1019 1775 1036 1792 a
1056 1776 1132 1793 nona
1146 1768 1290 1800 Johannes
1310 1768 1483 1799 Crescencii,
1504 1769 1537 1792 de
1556 1775 1611 1799 qua
1631 1768 1781 1792 annuatim
1801 1768 1896 1792 reddit
1921 1769 2011 1793 staria
2031 1769 2088 1793 tria
2108 1769 2175 1793 boni

329 1817 474 1840 frumenti.
511 1815 591 1844 Item,
611 1821 695 1838 unam
719 1814 829 1846 peclam
849 1815 923 1838 terre
949 1815 978 1837 in
1003 1812 1170 1843 Palusardo,
1198 1820 1251 1844 que
1277 1814 1384 1846 regitur
1410 1820 1460 1845 per
1484 1813 1641 1837 Iohannem
1668 1812 1842 1843 Crescencii,
1866 1813 1985 1837 duorum
2004 1820 2178 1845 camporum,

327 1861 442 1885 coheret
467 1868 482 1884 a
509 1866 590 1883 mane
616 1859 808 1888 Marcoardus,
835 1866 850 1882 a
870 1865 932 1882 sero
947 1857 1096 1889 Johannes
1115 1865 1142 1889 q.
1161 1857 1326 1882 Pertimasii
1345 1858 1374 1882 et
1393 1865 1408 1881 a
1427 1864 1504 1881 nona
1524 1857 1658 1881 dominus
1678 1857 1875 1887 Nascimbene,
1901 1857 1934 1881 de
1953 1864 2007 1889 qua
2025 1859 2175 1882 annuatim

328 1905 422 1929 reddit
447 1904 536 1929 staria
555 1905 611 1928 tria
629 1904 698 1928 boni
720 1904 867 1928 frumenti.
903 1903 985 1933 Item,
1006 1909 1093 1926 unam
1112 1903 1222 1935 peciam
1242 1904 1315 1926 terre
1335 1902 1460 1926 nemoris
1480 1903 1509 1925 in
1531 1901 1609 1926 dicta
1631 1903 1775 1931 contrata,
1794 1909 1847 1933 que
1867 1902 1976 1934 regitur
1998 1910 2048 1934 per
2066 1902 2181 1927 heredes

330 1959 356 1982 q.
375 1949 510 1974 Ubertini
535 1949 695 1978 Pertimasi,
717 1949 806 1972 trium
827 1954 998 1979 camporum,
1019 1947 1132 1971 coheret
1151 1954 1167 1971 a
1187 1954 1269 1971 mane
1288 1947 1487 1971 Benevenutus
1505 1947 1653 1970 barberius
1671 1949 1700 1970 et
1720 1946 1782 1975 alii,
1801 1954 1817 1970 a
1838 1954 1915 1971 nona
1935 1947 1960 1971 d.
1980 1947 2178 1978 Nascimbene,

329 2002 345 2019 a
365 2001 427 2018 sero
452 1993 596 2022 Albertus,
619 1995 667 2025 qui
688 1993 794 2017 dicitur
817 1993 973 2024 Tropinus‚
999 1992 1033 2016 de
1056 1999 1110 2023 qua
1136 1992 1286 2016 annuatim
1313 1991 1409 2016 reddit
1434 1992 1571 2023 quattuor
1595 1991 1777 2015 stariarboni
1803 1991 1950 2016 frumenti.
1986 1990 2066 2023 Item,
2091 1998 2179 2016 unam

331 2040 439 2072 peciam
466 2040 590 2062 nemoris
620 2039 649 2062 in
671 2038 747 2061 dicta
769 2039 911 2066 contrata,
931 2044 982 2068 que
1003 2038 1112 2068 regitur
1125 2044 1173 2068 per
1192 2037 1388 2066 Aicardinam,
1402 2043 1519 2060 uxorem
1534 2036 1684 2067 Johannis,
1703 2036 1789 2059 unius
1809 2037 1911 2067 campi,
1931 2035 2046 2061 coheret
2063 2043 2078 2061 a
2098 2044 2179 2061 manc

326 2085 507 2117 Johanninus
525 2084 559 2108 de
572 2083 730 2111 Alchenda,
743 2090 759 2107 a
771 2090 831 2106 sero
840 2083 984 2114 Johannes
998 2083 1068 2106 Piva
1081 2084 1109 2106 et
1123 2090 1138 2106 a
1153 2089 1230 2106 nona
1242 2082 1357 2106 heredes
1371 2089 1397 2112 q.
1410 2081 1554 2110 Ubertini,
1566 2081 1600 2105 de
1613 2088 1667 2112 qua
1681 2082 1830 2105 annuatim
1849 2081 1944 2105 reddit
1956 2088 2045 2105 unum
2058 2083 2177 2106 staritim

331 2131 359 2153 et
378 2129 531 2153 dimidium
549 2128 620 2152 boni
641 2127 785 2151 frumenti.
808 2127 887 2155 Item,
906 2133 990 2150 unam
1005 2127 1115 2158 peciam
1128 2128 1202 2150 terre
1217 2126 1342 2150 nemoris
1355 2126 1386 2149 in
1401 2125 1478 2149 dicta
1493 2127 1633 2153 contrata,
1646 2132 1699 2156 que
1713 2126 1822 2157 regitur
1836 2132 1886 2157 per
1899 2125 2056 2149 Iohannem
2069 2126 2179 2156 Pivam‚

332 2175 416 2198 unius
437 2174 538 2205 campi,
558 2172 671 2197 coheret
689 2179 704 2196 a
724 2179 806 2196 mane
825 2171 903 2196 dicta
923 2172 1092 2201 Aicardina,
1111 2179 1127 2195 a
1147 2178 1210 2195 sero
1231 2172 1278 2194 via
1297 2171 1487 2198 consorcium,
1508 2177 1522 2193 a
1537 2176 1613 2193 nona
1626 2169 1744 2193 heredes
1757 2169 1900 2201 quondam
1914 2169 2059 2201 Ubertini,
2078 2171 2112 2194 de
2125 2178 2180 2202 qua

332 2218 482 2242 annuatim
503 2218 596 2242 reddit
616 2224 703 2241 unum
723 2217 844 2240 starium
863 2216 934 2240 boni
955 2216 1101 2240 frumenti.
1137 2216 1217 2245 Item,
1243 2222 1326 2239 unam
1346 2216 1455 2246 peciam
1476 2215 1601 2238 nemoris
1620 2214 1651 2237 in
1676 2213 1900 2244 Prevenderoso,
1919 2221 1971 2246 que
1997 2216 2105 2246 regitur
2130 2222 2180 2247 per

334 2264 538 2287 monasterium
557 2262 586 2286 S.
604 2262 726 2293 Aghate,
745 2261 828 2285 unius
850 2262 942 2293 campi
963 2262 990 2284 et
1010 2260 1183 2292 perticarum
1203 2261 1300 2290 trium,
1321 2259 1435 2283 coheret
1452 2265 1469 2282 a
1488 2265 1571 2282 mane
1590 2259 1639 2283 via
1665 2260 1860 2288 consorcium,
1877 2266 1893 2283 a
1918 2266 1979 2283 sero
1998 2259 2143 2292 johannes
2161 2267 2178 2284 a

333 2309 406 2340 Ripa
426 2309 453 2332 et
472 2307 535 2337 alii,
554 2314 607 2338 que
626 2308 674 2330 via
694 2307 775 2330 venit
794 2314 810 2330 a
830 2313 945 2330 nemore
965 2313 1027 2335 suo,
1046 2308 1074 2330 et
1088 2305 1182 2329 reddit
1202 2304 1352 2329 annuatim
1371 2304 1405 2328 de
1424 2303 1501 2328 dicta
1527 2305 1603 2327 terra
1621 2310 1707 2327 unum
1733 2305 1852 2328 starium
1878 2311 1940 2328 cum
1966 2304 2090 2329 dimidio
2108 2305 2180 2329 boni

334 2353 478 2377 frumenti.
511 2352 591 2381 Item,
610 2358 696 2375 unam
716 2353 825 2383 peciam
844 2353 918 2376 terre
938 2351 1065 2375 nemoris
1078 2352 1108 2374 in
1128 2350 1352 2379 Prevenderoso,
1371 2356 1423 2380 que
1442 2350 1551 2381 regitur
1571 2356 1619 2380 per
1634 2349 1793 2380 Johannem
1814 2349 2003 2373 fornaserium
2022 2351 2050 2373 et
2069 2349 2181 2380 fratres,

334 2399 453 2422 duorum
467 2403 640 2429 camporum,
658 2396 772 2420 coheret
791 2403 807 2420 a
827 2403 908 2420 mane
927 2397 975 2420 via
990 2396 1118 2425 fratrum,
1138 2403 1153 2419 a
1173 2402 1236 2419 sero
1255 2394 1371 2418 heredes
1384 2401 1411 2425 q.
1424 2394 1450 2418 d.
1470 2393 1644 2425 Belengarde
1659 2395 1687 2417 et
1700 2400 1716 2417 a
1732 2393 1867 2417 nullhora
1880 2394 1928 2418 via
1947 2395 2136 2425 consorcium,
2146 2393 2180 2419 de

333 2449 386 2473 qua
406 2441 500 2465 reddit
519 2442 668 2465 annuatim
689 2441 776 2465 staria
795 2441 852 2464 tria
871 2441 940 2465 boni
963 2441 1108 2464 formenti.
1145 2439 1225 2469 Item,
1244 2446 1330 2463 unam
1349 2439 1458 2471 peciam
1479 2439 1604 2462 nemoris
1623 2438 1654 2462 in
1669 2437 1746 2462 dicta
1765 2440 1908 2468 contrata,
1928 2445 1980 2470 que
2000 2439 2109 2471 regitur
2131 2445 2182 2471 per

333 2487 466 2511 Betinum
486 2493 511 2517 q.
530 2485 674 2517 Meiorati,
691 2485 776 2509 unius
795 2485 889 2517 campi
909 2486 936 2509 et
957 2485 1083 2513 dimidii,
1103 2484 1216 2509 coheret
1237 2492 1252 2508 a
1271 2490 1354 2508 mane
1372 2483 1464 2512 Senti,
1483 2490 1500 2506 a
1520 2490 1582 2506 sero
1602 2483 1737 2506 dominus
1757 2483 1876 2507 Iacobus
1894 2482 2021 2514 Patarus,
2036 2490 2052 2507 a
2066 2483 2182 2508 nuliora

334 2531 387 2556 filii
407 2531 434 2555 d.
453 2531 649 2562 Bellengarde‚
667 2532 696 2555 et
715 2531 809 2554 reddit
828 2530 977 2554 annuatim
997 2529 1031 2554 de
1049 2529 1126 2554 dicta
1145 2531 1222 2554 terra
1241 2528 1330 2553 staria
1350 2528 1406 2552 duo
1427 2527 1495 2551 boni
1518 2528 1664 2552 frumenti.
1700 2527 1779 2559 Item,
1800 2535 1887 2552 unam
1906 2528 2015 2560 peciam
2041 2530 2115 2553 terre
2134 2535 2180 2552 ne-

336 2577 426 2600 moris
446 2577 478 2599 in
498 2576 575 2599 dicta
595 2576 737 2604 contrata,
756 2582 808 2606 que
822 2575 931 2606 regitur
944 2581 992 2607 per
1006 2574 1150 2599 Matheum
1169 2582 1195 2606 q.
1210 2574 1318 2603 Alioti,
1331 2573 1416 2597 unius
1436 2572 1530 2604 campi
1549 2574 1577 2596 et
1591 2572 1714 2602 dimidii,
1732 2572 1845 2596 coheret
1865 2580 1880 2596 a
1900 2579 1980 2596 mane
1999 2574 2050 2597 via
2068 2580 2183 2597 consor·

335 2622 419 2649 cium,
439 2628 453 2644 a
472 2627 534 2644 sero
555 2620 582 2644 d.
596 2619 719 2652 Jacobus
736 2620 866 2648 Patarus,
887 2627 902 2643 a
921 2627 998 2643 nona
1017 2618 1198 2643 Iohanninus
1218 2617 1392 2646 Crescencii,
1406 2618 1440 2641 de
1459 2624 1513 2648 qua
1527 2617 1621 2640 reddit
1636 2619 1786 2641 annuatim
1799 2617 1888 2641 staria
1908 2617 1964 2641 duo
1983 2619 2012 2641 et
2030 2616 2182 2641 dimidium

335 2666 404 2689 boni
428 2665 570 2688 frumenti.
606 2664 688 2693 Item,
707 2671 790 2688 unam
810 2665 918 2695 peciam
938 2665 1012 2687 terre
1033 2664 1159 2687 nemoris
1180 2664 1210 2686 in
1230 2662 1306 2686 dicta
1326 2663 1469 2690 contrata,
1485 2668 1537 2692 que
1552 2662 1661 2693 regitur
1681 2669 1729 2693 per
1748 2661 1839 2692 Senti,
1855 2661 1940 2685 unius
1955 2661 2185 2693 campi,coheret

335 2717 351 2733 a
371 2717 452 2733 mane
471 2710 519 2732 via
538 2709 728 2737 consorcium,
749 2717 763 2732 a
783 2715 845 2732 sero
865 2708 982 2732 Betinus
1003 2716 1029 2739 q.
1048 2707 1195 2732 Meliorati
1216 2708 1244 2731 et
1263 2713 1279 2731 a
1300 2706 1434 2730 nullhora
1455 2706 1586 2729 Matheus
1610 2713 1636 2737 q.
1657 2705 1762 2735 Alioti,
1782 2705 1817 2730 de
1842 2713 1895 2737 qua
1920 2705 2015 2729 reddit
2032 2706 2180 2730 annuatim

337 2761 423 2778 unum
443 2754 563 2778 starium
583 2755 611 2777 et
631 2753 782 2777 dimidium
802 2753 872 2776 boni
893 2753 1038 2776 frumenti.
1066 2752 1146 2783 Item,
1159 2759 1243 2776 unam
1258 2751 1368 2783 peciam
1382 2750 1507 2774 nemoris
1521 2751 1550 2774 ln
1565 2750 1644 2774 dicta
1657 2752 1800 2780 contrata,
1813 2757 1866 2782 que
1879 2751 1986 2781 regitur
2005 2757 2054 2781 per
2066 2749 2180 2773 Petrum

336 2800 364 2822 et
379 2798 573 2830 Johanninum
593 2805 619 2829 q.
639 2797 783 2826 Ubertini,
803 2797 921 2821 duorum
947 2804 1120 2828 camporum,
1146 2796 1260 2820 coheret
1284 2802 1300 2819 a
1325 2801 1406 2819 mane
1432 2795 1480 2818 via
1506 2795 1694 2823 consorcium,
1715 2803 1729 2819 a
1752 2802 1815 2819 sero
1835 2794 1862 2820 d.
1877 2794 1998 2826 Jacobus
2018 2793 2147 2824 Patarus,
2166 2801 2182 2818 a

338 2850 413 2866 nona
433 2842 563 2866 Matheus
583 2849 609 2873 q.
623 2842 730 2870 Alioti,
744 2841 778 2865 de
791 2848 845 2872 qua
859 2842 1006 2865 annuatim
1027 2840 1123 2864 reddit
1135 2841 1194 2864 tria
1207 2839 1296 2864 staria
1315 2839 1384 2863 boni
1406 2839 1553 2863 frumenti.
1588 2838 1668 2869 Item,
1682 2845 1767 2863 unam
1787 2839 1894 2870 peciam
1914 2840 1988 2862 terre
2009 2838 2133 2863 nemor1s
2151 2839 2182 2862 in

338 2888 417 2910 dicta
437 2888 578 2914 contrata,
598 2893 650 2917 que
669 2887 778 2917 regitur
797 2893 845 2918 pcr
860 2885 1019 2916 Johannem
1039 2892 1065 2916 q.
1084 2884 1195 2913 Fulchi,
1215 2885 1302 2908 trium
1321 2889 1497 2915 camporum,
1516 2883 1630 2907 coheret
1651 2891 1665 2907 a
1685 2891 1766 2908 manc
1780 2884 1827 2906 via
1841 2883 2030 2912 consorcium,
2049 2889 2065 2906 a
2078 2889 2142 2907 sero
2155 2881 2182 2906 d.

334 2931 454 2962 Jacobus
473 2933 500 2954 et
520 2938 534 2954 a
555 2938 631 2954 nona
651 2930 750 2955 Petrus
770 2937 831 2953 cnm
852 2929 948 2960 fratrc,
971 2929 1003 2953 dc
1017 2936 1071 2961 qua
1091 2928 1241 2953 annuatim
1261 2928 1355 2952 reddit
1375 2929 1494 2959 quatuor
1516 2929 1605 2951 staria
1624 2935 1685 2951 cum
1700 2927 1825 2952 dimidio
1839 2927 1908 2951 boni
1930 2927 2076 2951 frumenti.
2102 2926 2182 2955 Item,

339 2982 423 2999 unam
440 2976 548 3006 peciam
569 2976 643 2999 terre
663 2975 788 2999 nemoris
807 2975 837 2998 in
857 2975 935 2998 dicta
955 2975 1093 3005 contrata,
1114 2980 1166 3005 que
1185 2974 1294 3005 regitur
1313 2979 1361 3004 per
1380 2971 1494 2996 Petrum
1515 2973 1664 3006 Bocatum,
1689 2972 1808 2996 duorum
1829 2979 2001 3004 camporum,
2026 2971 2139 2995 coheret
2165 2977 2180 2994 a

2203 743 2236 771 10

2205 965 2236 992 15

2201 1187 2238 1214 20

2204 1411 2239 1438 25

2206 1632 2242 1660 30

2207 1855 2241 1883 35

2209 2079 2244 2106 40

2211 2302 2244 2329 45

2210 2525 2246 2553 50

2211 2967 2246 2994 60
