2290 3449
254 2675 266 2698 5

242 2884 273 2901 10

272 355 305 387 io
328 360 429 386 trovo
453 364 495 385 ne
521 352 634 383 l’anno
652 351 710 383 del
727 350 876 392 Signore
901 348 993 380 mille
1017 353 1172 380 tresento

274 408 381 439 haver
415 405 605 447 comprade
639 409 726 435 tutte
760 403 794 434 le
829 401 1046 444 possessione
1080 401 1173 433 della

275 465 435 492 contessa
447 458 624 503 Ciffiorga,
641 456 720 488 fiola
733 456 798 488 che
816 455 852 486 fo
871 455 915 486 de
932 465 1043 486 meser
1060 454 1173 486 Xomo

276 513 321 545 da
344 512 452 549 Malo,
476 510 629 542 mettude
653 510 710 540 nel
734 509 901 540 destretto
917 508 960 540 de
978 507 1175 549 Montegal-

276 566 321 597 da
337 570 371 596 et
397 565 440 595 de
464 563 666 601 Cervarese,
691 572 752 604 per
775 561 890 603 presio
915 561 958 592 de
982 560 1069 592 livre
1094 570 1178 602 qua-

275 617 427 649 tromilia
451 621 647 652 octocento‚
671 624 771 646 como
795 625 858 655 per
881 613 915 644 10
946 614 1179 655 instrumento

276 676 366 702 sotto
391 669 521 711 scripto
538 668 719 710 apparera.
766 666 817 699 Fo
841 667 995 698 anchora
1019 665 1051 697 el
1067 666 1179 707 primo

278 724 321 755 de
354 723 467 765 questi
499 722 545 754 du
580 720 732 758 fradelli,
769 719 832 762 ςοὲ
868 730 982 751 meser
1017 719 1178 755 Ubertin,

278 776 395 818 quello
432 776 475 807 de
508 775 590 806 chui
627 774 725 815 parla
758 775 790 805 el
820 772 989 809 Mussato,
1026 782 1126 804 como
1159 771 1178 803 ὲ

278 829 410 870 scripto
434 828 468 859 in
493 828 518 859 li
541 827 605 859 atti
629 827 673 858 de
692 837 804 858 meser
821 826 961 858 Iacomo
978 826 1110 868 grande
1135 825 1178 856 da

279 883 436 919 Carrara,
461 882 537 922 che,
562 885 734 921 conconta
756 880 791 910 la
814 888 984 920 possanca
1009 879 1051 910 de
1069 888 1180 910 meser

279 935 418 966 Iacomo
435 933 567 976 grande
584 944 605 965 a
621 933 736 975 quella
753 933 797 964 de
814 942 926 963 meser
942 931 1103 968 Ubertin,
1120 930 1181 962 ob-

280 988 388 1031 tignia
412 987 504 1020 nella
528 987 596 1018 cita
621 987 664 1018 de
688 986 784 1018 Pava
810 985 841 1016 la
861 996 992 1016 somma
1007 983 1179 1026 signoria3

280 1049 315 1074 et
331 1043 477 1078 astrove,
502 1050 602 1072 como
619 1050 655 1071 se
676 1039 820 1070 tochera
837 1038 894 1068 nei
910 1037 989 1068 fatti
1008 1037 1051 1068 de
1068 1046 1180 1067 meser

281 1095 420 1137 Oppico
436 1099 469 1125 et
486 1094 522 1124 di
539 1092 723 1133 compagni
741 1091 786 1123 da
803 1091 963 1128 Carrara,
979 1089 1056 1126 che,
1073 1099 1182 1131 quan-

282 1150 327 1181 do
350 1147 452 1178 Piero
478 1147 521 1178 de
539 1145 707 1177 Altichini
725 1150 759 1176 et
776 1144 926 1175 Roncho
943 1143 987 1174 de
1005 1142 1182 1185 Agolanti‚

282 1200 411 1232 homini
442 1198 612 1241 povolari,
644 1207 711 1228 con
740 1197 749 1227 i
781 1196 850 1228 fioli
876 1202 910 1228 et
941 1195 1027 1228 certi
1053 1195 1097 1226 de
1122 1205 1182 1226 soa

283 1260 380 1296 parte
404 1253 574 1294 disponea
598 1251 655 1282 dei
679 1250 769 1282 offici
785 1256 818 1281 et
842 1249 899 1280 dei
923 1248 1112 1292 magistrati
1138 1248 1181 1279 de

284 1307 377 1338 Pava
400 1316 464 1347 per
486 1315 523 1336 so
548 1305 617 1336 bon
633 1303 779 1345 piasere‚
796 1313 909 1334 essere
925 1302 1100 1333 meraveia
1117 1301 1182 1332 che

283 1359 400 1402 alguni
416 1357 522 1400 pochi
538 1357 797 1388 administrasse
815 1355 888 1387 cosi
913 1355 945 1386 el
961 1354 1029 1386 ben
1046 1363 1182 1391 comum,

285 1419 319 1444 et
341 1410 593 1454 specialmente
617 1410 742 1441 siando
767 1409 802 1440 in
826 1408 909 1440 fiore
937 1407 973 1439 in
997 1408 1029 1439 la
1053 1407 1123 1439 cita
1141 1407 1184 1438 de

285 1465 379 1497 Pava
404 1464 436 1495 la
460 1474 538 1495 casa
564 1464 607 1494 da
632 1463 782 1494 Carrara
805 1472 849 1493 no
866 1472 945 1493 men
960 1466 1122 1503 possente
1140 1461 1183 1492 de

286 1517 502 1550 moltitudine
527 1517 571 1548 de
595 1516 727 1547 homini
750 1516 817 1546 cha
846 1515 889 1546 de
919 1514 1071 1556 richeca,
1092 1516 1128 1546 in
1152 1513 1186 1545 la

286 1571 366 1614 qual
390 1581 471 1602 casa
486 1580 547 1601 era
562 1569 685 1600 minori
702 1579 814 1600 meser
830 1568 979 1600 Ubertin
997 1574 1030 1599 et
1046 1568 1185 1599 Iacomo

287 1626 332 1657 da
354 1624 512 1660 Carrara,
535 1622 567 1654 le
591 1622 766 1664 grandece
794 1621 830 1653 di
854 1622 946 1664 quali
964 1631 1065 1652 sovra
1082 1631 1186 1651 avan-

287 1688 373 1719 cava
396 1677 430 1708 el
453 1686 490 1708 so
513 1686 599 1718 gran
629 1686 762 1707 savere.
809 1675 855 1706 Et
878 1675 888 1705 i
921 1674 1025 1716 quali,
1049 1673 1185 1705 benche

288 1740 352 1772 per
376 1730 407 1761 la
439 1739 499 1761 soa
532 1739 703 1770 possanca
733 1729 827 1760 fosse
859 1729 899 1760 in·
926 1727 1007 1759 odio
1038 1727 1071 1758 ai
1101 1727 1186 1759 dicti

288 1784 391 1815 Piero
422 1782 466 1814 de
497 1781 657 1813 Altichin
689 1788 722 1813 et
752 1781 903 1813 Roncho
934 1780 978 1812 de
1008 1780 1186 1823 Agolante

289 1843 323 1869 et
347 1836 443 1878 quilli
467 1836 510 1867 de
541 1845 601 1867 soa
632 1841 744 1876 parte,
771 1845 837 1876 pur
866 1834 1033 1866 simulava
1064 1833 1119 1865 col
1149 1843 1187 1865 so

288 1901 376 1933 gran
391 1899 500 1920 senno
518 1890 562 1921 de
579 1899 624 1920 no
639 1888 659 1919 ’1
676 1899 889 1931 cognoscere
906 1898 969 1928 per
985 1897 1029 1919 no
1041 1892 1187 1918 mettere

290 1955 308 1975 a
332 1942 491 1985 perigolo
516 1942 548 1973 la
579 1948 672 1973 terra
695 1941 872 1973 assidiada
895 1941 939 1972 da
969 1950 1082 1972 meser
1114 1938 1187 1970 Can

291 1996 371 2029 dala
399 1996 512 2027 Scala.
560 1993 641 2026 Alla
671 1994 752 2036 qual
777 2004 868 2031 cosa,
900 2003 999 2025 como
1032 1994 1075 2025 de
1099 1998 1189 2025 sotto

292 2060 327 2082 se
351 2047 481 2092 legera,
505 2058 570 2090 pur
600 2058 645 2079 no
677 2048 809 2090 guarda
841 2047 852 2078 i
878 2047 957 2078 altri
990 2047 1123 2077 menori
1155 2051 1189 2077 et

293 2102 415 2145 eoveni
440 2101 521 2134 dela
544 2112 624 2133 casa
648 2101 693 2132 da
717 2100 877 2133 Carrara.
917 2099 1050 2137 Questo
1074 2099 1146 2130 cosi
1171 2110 1190 2130 a

294 2162 415 2198 puntto
431 2155 543 2186 scrive
559 2154 652 2186 nella
667 2164 727 2186 soa
743 2164 826 2185 ovra
842 2155 875 2186 el
888 2153 1054 2195 Mussato,
1077 2163 1190 2194 pavan

294 2215 410 2251 poeta,
425 2207 562 2240 benche
580 2208 719 2250 nemigo
738 2208 832 2239 della
856 2217 936 2239 casa
961 2208 1006 2238 da
1033 2208 1191 2239 Carrara.

295 2504 401 2528 nacque
419 2494 525 2520 Nicolb
545 2504 558 2519 e
579 2496 612 2519 da
627 2496 719 2526 questi
735 2495 875 2519 Giacomo
889 2493 913 2517 V
928 2502 941 2517 e
957 2494 1132 2518 Giacomino
1148 2493 1193 2528 VI¹

294 2538 405 2570 signori
425 2539 452 2561 di
468 2537 600 2565 Padova:
615 2537 650 2560 da
663 2536 802 2569 Iacopino
818 2544 924 2568 nacque
938 2537 1080 2560 Ubertino
1093 2534 1195 2569 (dettoy

296 2582 410 2604 vivente
430 2580 459 2603 lo
480 2580 536 2609 zio,
556 2580 747 2607 Ubertlnello,
766 2580 815 2602 che
839 2579 866 2602 fu
890 2586 1050 2602 successore
1076 2578 1120 2601 del
1151 2585 1195 2601 cu-

295 2626 366 2654 glno
388 2622 521 2646 Marsilio
541 2628 555 2645 e
575 2624 654 2645 terzo
675 2622 791 2653 signore
811 2621 884 2644 della
905 2618 986 2644 citta.

386 2662 393 2678 ¹
414 2664 426 2675 ‘⁴
440 2663 475 2687 Hi
497 2663 606 2686 domini
629 2663 685 2686 viri
701 2676 732 2680 —
749 2663 898 2686 formidati
912 2663 989 2691 ΞΑ,
1010 2663 1057 2686 26:
1080 2663 1135 2686 viri
1163 2662 1197 2685 li-

299 2706 312 2719 ‘¹
323 2706 430 2730 berales
443 2719 474 2723 -
490 2705 644 2736 splendidi.

386 2746 397 2762 ²
416 2747 489 2771 Vedi
510 2755 594 2779 sopra
614 2755 636 2771 c.
658 2753 699 2778 71.

386 2788 397 2804 ³
417 2790 566 2817 ΜυεεΑτο,
589 2791 631 2814 De
647 2790 744 2821 gestis,
767 2789 813 2819 VI,
837 2795 850 2821 5
870 2789 969 2820 (Mum,
997 2789 1029 2819 X,
1058 2794 1108 2820 454
1136 2788 1196 2821 sg.).

299 2831 354 2859 Cf„
374 2832 422 2859 ivi.
442 2831 489 2858 IV.
513 2839 522 2854 1
545 2831 645 2862 (Mum.
666 2831 699 2859 X,
720 2831 770 2855 608
791 2830 851 2863 εξ).

387 2872 397 2888 ⁴
417 2873 461 2897 Cf.
476 2874 624 2902 Mussmo,
638 2875 682 2897 De
692 2874 789 2905 gestis,
804 2873 850 2901 XI,
868 2880 876 2896 1
892 2874 945 2905 (cd.
958 2874 1084 2901 Pmmn,
1097 2881 1122 2905 p.
1138 2872 1197 2904 4²):

302 2915 358 2938 “de
385 2915 463 2938 sacto
485 2923 534 2947 per
556 2921 704 2938 ascensum
729 2914 826 2938 iacobi
853 2915 1094 2943 terminabantur,
1120 2918 1198 2948 potc—

303 2957 399 2979 “state
419 2956 617 2987 J‘udicibusque
642 2957 704 2980 eius
730 2964 793 2988 pro
821 2956 942 2980 libitu
969 2957 1064 2980 Iacobi
1091 2964 1198 2988 queque

305 3001 315 3009 ⁵·
328 2998 547 3028 exsequentibus
567 3001 619 3022 etc.
630 3015 652 3028 „.

631 218 802 254 GESTA
831 216 1133 253 MAGNIFICA
1163 214 1346 250 DOMUS
1376 213 1765 249 CARRARIENSIS

1226 345 1457 378 successionis
1486 351 1622 386 tempus
1653 355 1723 377 non
1758 350 1904 382 constat,
1938 343 2026 376 illud
2058 353 2123 386 ego

1226 406 1362 440 tempus
1386 397 1421 429 in
1444 399 1665 430 successione
1688 399 1836 437 tradam,
1861 399 1955 440 quod
1977 397 2012 428 in
2029 397 2125 428 codi-

1228 452 1326 484 cibus
1350 451 1394 482 de
1418 450 1502 492 ipsis
1525 450 1746 493 loquentibus
1761 451 1927 494 scriptum
1944 460 2008 493 ego
2025 460 2126 491 repe-

1231 505 1293 537 rio.
1338 504 1484 535 Invenio
1503 504 1590 535 enin]
1610 504 1786 545 predictos
1803 504 1961 536 dominos
1976 504 2012 535 in
2036 511 2127 534 anno

1231 557 1369 589 Domini
1386 556 1564 588 millesimo
1587 557 1831 589 trecentesimo
1855 557 1980 588 emisse
1996 564 2128 598 posses-

1231 612 1345 643 siones
1369 619 1488 641 omnes
1521 620 1554 651 q.
1587 609 1759 641 comitisse
1790 610 1977 652 Zilborgie,
2001 608 2070 640 filie
2095 607 2128 639 d.

1232 664 1338 696 Xomi
1358 663 1405 694 *de
1430 662 1584 699 Malado‚
1602 662 1732 704 positas
1747 662 1782 693 in
1799 662 1881 694 villa
1896 661 2130 704 Montisgalde

1233 723 1266 748 et
1283 715 1481 748 Cervaresii
1497 715 1541 747 ad
1558 715 1711 746 valorem
1728 714 1906 746 innumere
1919 714 2128 756 quantitatis.

1234 771 1279 801 Hi
1304 769 1433 801 dor‘nini
1458 769 1523 800 viri
1547 769 1688 800 fuerunt
1704 768 1877 810 magnifici
1902 774 1938 800 et
1959 768 2132 806 liberales,

1232 824 1268 855 in
1293 823 1433 854 civitate
1458 813 1583 853 Padue
1602 827 1764 862 potentes
1780 826 1814 853 et
1829 821 2008 853 formidati
2023 822 2043 852 ¹.
2078 821 2130 852 De

1234 886 1378 919 quorum
1392 875 1509 912 altero,
1525 874 1661 906 scilicet
1677 873 1710 905 d.
1723 873 1907 911 Uberfino,
1923 880 1961 906 ut
1976 874 2012 904 in
2027 874 2133 916 gestis

1234 931 1266 961 d.
1289 928 1407 960 Iacobi
1432 928 1575 971 grandis
1599 928 1643 959 de
1667 926 1851 959 Carraria²
1879 927 2047 968 scriptum
2071 933 2133 964 est,

1233 983 1408 1014 Mussatus
1433 982 1490 1018 ait,
1506 981 1599 1023 quod
1617 987 1783 1012 concreta
1799 981 1955 1022 potentia
1972 980 2006 1012 d.
2023 980 2134 1012 Uber-

1233 1035 1298 1067 tini
1321 1035 1475 1076 potentie
1497 1035 1531 1066 d.
1555 1034 1676 1066 Iacobi
1700 1033 1842 1077 grandis
1858 1034 1895 1064 in
1911 1034 2052 1065 civitate
2070 1033 2135 1064 Pa-

1235 1089 1302 1119 due
1331 1098 1497 1119 summam
1530 1093 1736 1129 potestatem
1769 1086 1950 1119 obtinebat
1963 1088 1985 1124 ³,
2017 1086 2053 1118 id
2084 1093 2135 1118 est

1235 1141 1339 1183 quod,
1380 1140 1555 1183 quomodo
1595 1141 1629 1171 hi
1669 1141 1749 1182 duo,
1789 1140 1950 1172 dominus
1989 1139 2136 1172 Iacobus

1235 1194 1377 1237 grandis
1400 1200 1434 1226 et
1458 1195 1491 1226 d.
1517 1194 1715 1231 Ubertinus,
1739 1193 1912 1231 volebant,
1931 1193 1974 1225 de
1993 1192 2134 1224 civitate

1237 1248 1355 1279 Padue
1379 1258 1442 1290 pro
1460 1247 1557 1280 libito
1574 1247 1804 1289 disponebant
1816 1246 1836 1278 ⁴.
1876 1247 1919 1278 Et
1936 1246 2028 1282 alibi,
2046 1252 2082 1277 ut
2099 1246 2136 1277 in

1236 1301 1344 1345 gestis
1367 1301 1522 1343 tangitur
1546 1302 1579 1332 d.
1596 1300 1762 1342 Opiconis
1781 1306 1816 1332 et
1834 1300 2076 1332 consociorum
2093 1300 2136 1330 de

1238 1354 1435 1391 Carraria⁵‚
1459 1355 1541 1385 item
1567 1353 1741 1385 Mussatus
1760 1354 1870 1385 refert
1880 1352 1902 1390 ⁶,
1927 1354 2031 1395 quod,
2058 1363 2135 1384 cum

1237 1407 1362 1439 Petrus
1379 1407 1548 1439 Alticlinii
1565 1413 1600 1438 et
1616 1406 1786 1439 Ronchus
1810 1406 2004 1449 AgolantiS‚
2030 1406 2139 1438 homi-

1238 1471 1300 1491 nes
1322 1459 1502 1503 ignobiles,
1527 1470 1605 1491 cum
1630 1470 1748 1492 eorum
1771 1460 1850 1492 filiis
1878 1465 1911 1491 et
1943 1460 2046 1491 certis
2069 1459 2139 1490 suis

1239 1513 1468 1554 complicibus
1491 1523 1554 1555 pro
1580 1512 1676 1545 libito
1705 1513 1932 1555 disponerent
1961 1512 2006 1544 de
2030 1512 2138 1554 magi-

1238 1566 1403 1598 stratibus
1438 1572 1472 1598 et
1503 1565 1622 1598 officiis
1657 1565 1814 1597 comunis
1846 1565 1980 1604 Padue,
2014 1565 2139 1596 mirum

1239 1618 1310 1651 est⁷
1336 1619 1429 1661 quod
1453 1620 1489 1650 in
1514 1625 1608 1650 tanta
1635 1618 1776 1651 civitate
1801 1618 1923 1649 horum
1947 1629 2137 1660 paucorum

1239 1672 1394 1715 potentie
1420 1673 1546 1704 bonum
1570 1682 1717 1704 comune
1750 1671 1985 1704 conculcaret.
2033 1671 2140 1709 Quod

1241 1732 1275 1758 et
1298 1725 1534 1757 admirabilius
1567 1731 1651 1762 erat,
1679 1736 1757 1757 cum
1788 1726 1931 1757 floreret
1960 1725 1997 1756 in
2028 1723 2139 1756 urbe⁸

1241 1779 1424 1821 magnifica
1449 1778 1724 1811 Carrariensium
1748 1779 1864 1820 stirps,
1888 1778 2015 1810 nobilis
2032 1784 2066 1810 et
2083 1788 2141 1809 ve-

1241 1839 1340 1869 tusta,
1356 1842 1425 1863 non
1442 1832 1553 1864 minus
1569 1842 1672 1874 quarn
1689 1832 1888 1864 divitiarum
1906 1832 2140 1870 multitudine,

1241 1886 1391 1917 virorum
1416 1886 1517 1927 copia
1549 1885 1748 1927 perpollens
1773 1891 1807 1916 et
1838 1885 2054 1917 strenuitate.
2101 1885 2141 1916 In

1240 1939 1364 1982 quibus
1387 1939 1534 1970 maiores
1551 1944 1635 1971 natu
1650 1945 1748 1970 erant
1765 1939 1797 1970 d.
1814 1938 1960 1970 Iacobus
1979 1945 2012 1970 et
2028 1938 2142 1971 Uber·

1241 1994 1332 2024 tinus
1349 1992 1393 2024 de
1412 1991 1582 2029 Carraria,
1607 2002 1753 2035 quorum
1779 1992 2037 2034 magnitudines
2061 2002 2140 2033 pru-

1242 2046 1359 2078 dentie
1376 2045 1595 2087 superabant.
1632 2043 1703 2082 Qui
1719 2044 1862 2081 domini,
1876 2045 1940 2076 etsi
1961 2044 2067 2076 Petro
2082 2044 2142 2076 Al-

1244 2099 1368 2133 ticlinii
1381 2105 1415 2130 et
1431 2098 1662 2140 complicibus
1677 2098 1779 2129 invisi
1803 2098 1925 2131 timore
1943 2109 2004 2130 sue
2021 2105 2143 2140 poten-

1243 2154 1291 2186 tie
1311 2158 1419 2189 erant,
1432 2151 1621 2183 simultates
1634 2157 1749 2183 tamen
1764 2158 1797 2183 et
1811 2152 1892 2183 odia
1909 2152 2143 2194 circumspec-

1245 2207 1337 2238 tione
1350 2205 1455 2236 multa
1469 2204 1692 2241 simulabant;
1712 2211 1746 2235 et
1762 2205 1830 2236 hoc
1847 2212 1932 2242 erat,
1950 2216 2005 2244 ne,
2022 2206 2050 2237 si
2067 2217 2143 2247 pre-

1246 2259 1331 2291 dicti
1357 2259 1389 2290 d.
1415 2258 1603 2290 Ubertinus
1627 2264 1661 2289 et
1684 2257 1832 2290 Iacobus
1855 2259 1996 2290 obviare
2021 2259 2144 2291 voluis-

1248 2319 1323 2344 sent
1347 2312 1453 2354 (quod
1470 2311 1606 2343 assidue
1623 2313 1799 2352 poterant)
1816 2311 2028 2344 factionibus
2049 2311 2144 2344 Petri

1339 2491 1349 2507 5
1370 2491 1440 2515 Vedi
1461 2493 1539 2515 sotto
1560 2499 1583 2515 e.
1603 2497 1635 2520 92
1657 2499 1717 2522 sgg.

1338 2531 1348 2547 ⁵
1370 2533 1519 2562 Mussno,
1539 2534 1582 2557 De
1592 2533 1690 2564 gestis,
1709 2533 1757 2563 IV,
1781 2541 1790 2558 1
1812 2533 1912 2565 (MUR.‚
1932 2533 1966 2561 X,
1986 2532 2066 2565 6on:
2084 2535 2095 2546 ‘⁴
2108 2534 2145 2558 lli

1253 2576 1266 2588 “
1282 2583 1370 2599 mares
1390 2578 1445 2599 tres
1464 2576 1598 2608 juvenum
1625 2575 1726 2599 aetatis
1750 2575 1835 2599 huius
1860 2575 2092 2600 sceleratissimi.

1251 2617 1434 2648 “amicisque
1452 2617 1646 2641 abominabile
1671 2618 1900 2645 annuntiaretur,
1926 2619 2013 2649 utque
2039 2617 2085 2642 illi
2110 2618 2143 2641 ad

1253 2660 1266 2672 ‘⁴
1279 2662 1378 2684 nutum
1396 2662 1496 2683 cuncta
1517 2660 1708 2689 succederent,
1728 2661 1913 2691 magistratus
1933 2661 2013 2684 urbis
2036 2661 2145 2691 primos

1251 2703 1264 2716 “
1276 2703 1309 2726 ab
1327 2703 1388 2734 jure
1409 2702 1489 2725 nullo
1510 2702 1618 2734 pudore
1631 2703 1763 2726 assiduus
1778 2702 1944 2734 occupabat,
1958 2701 2145 2734 Reipublicae

1254 2745 1397 2778 “jacturis
1410 2746 1554 2768 amicitias
1568 2746 1700 2776 captabat
1714 2749 1763 2769 etc.
1775 2762 1787 2775 „
1809 2746 1832 2769 C
1842 2743 1857 2768 ὸ
1871 2745 1991 2768 desunto
2006 2744 2040 2768 da
2054 2745 2089 2774 A,
2102 2751 2145 2776 92.

1340 2785 1351 2802 ⁷
1371 2788 1474 2811 Mirum
1495 2790 1537 2811 est
1558 2801 1589 2804 —
1610 2788 1811 2812 conculcarent
1826 2796 1858 2808 =
1872 2787 1905 2815 A,
1920 2793 1970 2818 92:
1995 2787 2145 2818 Mussuo,

1253 2832 1295 2855 De
1311 2831 1409 2861 gestis,
1429 2830 1476 2858 IV,
1500 2837 1509 2854 1
1531 2829 1632 2862 (Mum,
1651 2831 1684 2858 Χ,
1708 2829 1787 2861 608):
1808 2830 1868 2853 “Et
1887 2831 1990 2854 mirum
2010 2831 2093 2854 tanta
2112 2843 2144 2848 —

1254 2872 1266 2884 ⁸
1279 2873 1487 2896 conculcabant
1498 2889 1523 2902 „-

1339 2913 1351 2930 ⁸
1364 2915 1376 2927 “
1387 2913 1470 2941 Quod
1483 2916 1509 2938 et
1522 2915 1762 2939 admirabilius—
1775 2916 1914 2946 ponerent
1927 2915 2075 2938 clvitatem
2085 2931 2098 2945 n
2111 2923 2144 2935 =

1253 2958 1283 2983 Α,
1301 2963 1350 2987 9²3
1370 2957 1520 2984 ›tussam-0.
1546 2959 1587 2981 Dc
1604 2957 1701 2988 gestis,
1720 2956 1768 2982 IV.
1791 2963 1800 2980 r
1825 2956 1924 2986 (Mum,
1949 2956 1982 2982 X.
2003 2955 2054 2980 608
2074 2955 2143 2988 sgA:

1256 3004 1266 3010 ··
1279 2998 1347 3022 Erat
1367 3000 1396 3022 in
1417 2999 1485 3023 urbe
1505 3000 1592 3030 stirps
1608 3012 1640 3017 —
1652 3000 1756 3023 civitas
1771 2998 1945 3023 incommodi
1966 2999 2110 3030 pateretur
2122 3016 2143 3028 ,,.

2164 823 2202 853 10

2166 1353 2208 1384 20

2170 1886 2211 1916 30

2174 2757 2208 2774 20

2173 2965 2204 2988 23
