2361 3551
94 734 125 761 10

74 957 123 1000 415

88 1179 124 1206 20

88 1402 121 1429 25

87 1623 123 1650 30

87 1847 122 1874 35

86 2072 122 2099 40

83 2296 116 2322 45

86 2518 122 2545 50

85 2741 118 2767 55

83 2962 118 2989 60

162 338 190 361 et
209 336 357 360 habitatur
376 343 426 368 per
440 335 562 367 Jucium.
598 335 679 365 Item,
701 336 779 360 aliud
800 338 1002 365 casamentum,
1019 337 1116 369 jacens
1136 336 1166 359 in
1187 336 1263 359 dicta
1283 335 1363 365 villa,
1379 336 1408 359 in
1424 343 1481 367 quo
1497 336 1609 361 habitat
1623 337 1800 363 Gerardinus
1814 340 1848 363 de
1862 339 2004 372 Cornedo,

157 383 186 406 et
205 382 231 405 ei
250 382 364 405 coheret
384 389 399 404 a
418 381 526 404 duabus
546 381 676 412 partibus
697 381 791 405 dietus
811 381 955 405 dominus.
993 382 1073 410 Item,
1084 381 1163 404 aliud
1184 383 1385 410 casamentum,
1405 381 1481 411 quod
1501 384 1543 405 est
1564 390 1645 414 super
1666 384 1779 415 platheas
1793 385 1868 408 dicte
1883 385 1962 415 ville,
1976 387 2005 410 in

161 433 216 457 quo
235 426 348 449 habitat
368 424 511 456 Cortesia,
530 426 575 448 cui
596 425 710 449 coheret
729 433 745 449 a
765 425 873 450 duabus
892 426 1022 457 partibus
1042 426 1097 450 via.
1134 425 1213 452 Item,
1234 425 1309 449 aliud
1330 427 1532 456 casamentum,
1550 427 1645 458 jacens
1661 428 1690 451 in
1705 429 1783 452 dicta
1798 429 1878 457 villa,
1901 431 1929 453 in
1950 438 2006 461 quo

157 470 270 494 habitat
289 469 410 503 Aprilis,
431 470 475 493 cui
495 469 612 494 coheret
631 477 646 493 a
666 470 773 494 duabus
793 470 923 503 partibus
943 470 1035 494 dictus
1057 469 1201 493 dominus.
1239 469 1308 492 Item
1330 469 1409 493 aliud
1430 473 1635 499 casamentum,
1654 472 1750 504 J'acens
1771 474 1799 496 in
1825 473 1902 497 dicta
1922 474 2004 505 villa,

156 515 187 538 in
207 521 263 546 quo
282 514 396 538 habitat
415 514 515 542 Zebus,
534 514 650 538 coheret
670 521 684 537 a
705 514 813 538 duabus
835 515 966 546 partibus
987 513 1060 537 idem
1081 513 1222 537 dominus.
1259 513 1339 541 Item,
1361 513 1441 537 aliud
1461 517 1662 544 casamentum,
1676 517 1772 548 jacens
1787 517 1817 540 in
1833 518 1911 541 dicta
1924 518 2006 549 villa,

158 560 188 582 in
205 566 261 590 quo
280 558 393 582 habitat
413 558 563 582 Americus
584 559 676 588 cerd0‚
695 560 722 582 et
741 559 768 582 ei
788 559 903 582 coheret
917 566 931 582 a
945 558 1053 582 duabus
1067 557 1198 590 partibus
1218 558 1311 581 dictus
1326 557 1468 582 dominus.
1494 558 1572 587 Item,
1587 559 1666 583 aliud
1681 564 1884 591 casamentum,
1904 564 1933 586 in
1948 570 2004 594 quo

155 603 269 627 habitat
287 602 424 626 Albertus
444 602 477 626 de
498 602 685 635 Capitesilve,
702 604 799 635 jacens
819 603 849 626 in
869 602 947 626 dicta
966 601 1049 631 villa,
1069 602 1114 624 cui
1135 602 1249 625 coheret
1269 609 1283 625 a
1304 602 1412 625 duabus
1432 602 1562 633 partibus
1583 604 1631 627 via
1655 607 1794 629 comunis.
1831 606 1910 636 Item,
1925 607 2002 631 aliud

156 649 358 675 casamentum,
378 649 474 680 jacens
493 648 523 671 in
544 648 621 672 dicta
641 648 722 676 villa,
742 649 772 671 in
791 655 847 678 quo
866 647 978 671 habitat
997 646 1112 674 Sibilia,
1131 648 1175 669 cui
1195 647 1312 670 coheret
1333 654 1347 670 a
1368 647 1475 670 duabus
1496 648 1626 679 parthus
1640 649 1733 672 dictus
1747 650 1889 675 dominus.
1928 652 2006 681 Item,

157 692 237 716 aliud
255 694 448 716 casamentum
470 692 615 716 castellari
636 700 698 716 cum
719 694 784 716 toto
803 691 1064 723 castellari,jacens
1086 692 1115 714 in
1137 691 1214 714 dicta
1234 691 1316 722 villa,
1339 692 1368 715 in
1389 699 1445 722 quo
1465 692 1577 716 habitat
1597 693 1776 724 Beraldinus,
1797 696 1843 719 cui
1863 696 1976 720 coheret
1990 704 2005 720 a

155 737 264 761 duabus
284 737 414 768 partibus
429 737 523 761 dictus
538 737 680 762 dominus.
710 736 788 767 Item,
804 735 882 760 aliud
897 737 1102 765 casamentum,
1114 736 1209 768 jacens
1224 735 1254 759 in
1275 736 1352 759 dicta
1369 736 1449 767 villa,
1465 738 1494 760 in
1510 744 1565 767 quo
1579 737 1692 761 habitat
1707 738 1810 769 Bonus,
1832 741 1876 763 cui
1892 741 2005 765 coheret

157 789 171 805 a
191 780 299 805 duabus
319 781 448 813 partibus
468 781 561 805 dietus
582 780 725 805 dominus.
762 780 842 810 Item,
867 779 947 803 aHud
969 781 1171 808 casamentum,
1190 780 1287 812 Jaeens
1309 780 1339 803 in
1360 780 1437 804 dicta
1459 780 1539 809 villa,
1560 782 1589 804 in
1610 789 1666 813 quo
1686 782 1798 806 habitat
1818 784 1934 814 amicus,
1959 786 2003 809 cui

156 826 272 850 coheret
292 833 306 850 a
326 826 433 850 duabus
453 826 582 858 partibus
602 826 697 849 dictus
717 824 860 848 dominus.
897 824 976 852 Item,
997 824 1076 848 aliud
1097 826 1296 853 casamentum,
1318 825 1413 857 jacens
1434 825 1464 848 in
1486 825 1561 849 dicta
1582 826 1663 855 villa,
1686 827 1713 850 in
1735 834 1790 858 quo
1804 828 1915 852 habitat
1938 829 2007 854 Gal-

156 878 256 901 vanus,
276 871 320 894 eui
341 871 455 894 coheret
473 877 490 894 a
509 870 618 894 duabus
639 869 769 900 partibus
789 868 883 892 dictus
903 868 1048 892 dominus.
1086 869 1164 897 Item,
1184 868 1265 892 aliud
1292 871 1493 899 casamentum,
1517 870 1614 902 jacens
1640 871 1669 894 in
1697 871 1775 895 dicta
1797 872 1877 900 villa,
1899 874 1927 896 in
1949 881 2004 904 quo

155 915 269 939 habitat
288 915 407 948 Egidius
428 915 532 947 Cogus,
559 914 676 938 coheret
700 921 716 938 a
743 913 851 937 duabus
877 913 1004 944 partibus
1030 913 1125 937 dietus
1151 913 1293 937 dominus.
1332 914 1410 943 Item,
1430 915 1510 938 aliud
1537 917 1738 946 casamentum,
1762 917 1791 939 in
1812 924 1868 948 quo
1893 917 2006 942 habitat

155 960 268 990 Micael,
292 961 387 993 jacens
406 960 438 984 in
467 960 543 983 (licta
570 959 650 987 villa,
669 958 785 982 coheret
804 959 829 982 ei
851 958 958 982 duabus
979 959 1108 989 partibus
1134 958 1228 982 dictus
1249 958 1391 983 dominus.
1427 959 1507 988 Item,
1533 959 1612 984 aliud
1633 962 1833 989 casamentum,
1852 963 1948 994 J'acens
1974 964 2003 986 in

156 1004 232 1028 dicta
251 1005 332 1034 villa,
348 1005 378 1028 in
391 1011 447 1036 quo
461 1003 573 1027 habitat
592 1002 695 1026 Micael
717 1002 803 1033 faber,
823 1003 870 1026 cui
886 1003 1002 1026 coheret
1015 1010 1031 1026 a
1046 1003 1154 1027 duabus
1175 1003 1306 1034 partibus
1326 1003 1420 1028 dictus
1435 1003 1577 1028 dominus.
1616 1005 1694 1033 Item,
1708 1005 1788 1029 aliud
1803 1008 2003 1038 casamentum,

155 1050 252 1080 jacens
271 1049 302 1073 in
322 1049 398 1073 dicta
419 1048 498 1078 villa,
520 1049 548 1071 in
574 1054 631 1078 quo
656 1047 770 1071 habitat
796 1046 977 1080 CuchagnuS,
1003 1047 1048 1071 cui
1075 1048 1190 1071 coheret
1210 1054 1225 1071 a
1245 1048 1353 1072 duabus
1372 1049 1503 1080 parthus
1529 1049 1623 1073 dictus
1643 1049 1786 1073 dominus.
1823 1050 1902 1081 Item,
1924 1052 2004 1076 aliud

155 1095 356 1123 casamentum,
379 1094 474 1125 jacens
502 1093 531 1115 in
557 1091 634 1115 dicta
654 1092 734 1120 villa,
759 1093 790 1115 in
815 1099 871 1123 quo
891 1091 1004 1116 habitat
1024 1091 1201 1119 Anthemius
1222 1092 1269 1116 cui
1289 1092 1403 1116 coheret
1422 1100 1437 1116 a
1457 1093 1567 1117 duabus
1587 1094 1716 1124 partibus
1742 1095 1837 1119 dictus
1856 1095 2005 1121 Antonius

154 1138 298 1161 dominus.
333 1137 412 1167 Item,
432 1136 509 1160 aliud
530 1137 731 1164 casamentum,
745 1137 841 1168 J'acens
856 1136 885 1159 in
906 1135 983 1160 dicta
997 1136 1078 1166 villa,
1097 1137 1125 1160 in
1146 1143 1201 1167 quo
1216 1136 1330 1160 habitat
1349 1136 1509 1165 Aventura,
1530 1138 1574 1161 cui
1589 1138 1704 1162 coheret
1718 1147 1732 1162 a
1748 1139 1856 1163 duabus
1876 1141 2004 1170 partibus

155 1182 249 1206 dictus
262 1182 405 1206 dominus.
435 1181 515 1209 Item,
528 1180 608 1204 aliud
628 1182 831 1211 casamentum,
850 1181 881 1204 In
902 1188 959 1211 quo
973 1181 1088 1205 habitat
1108 1179 1296 1213 Campionus,
1316 1182 1412 1215 jacens
1431 1182 1461 1205 in
1482 1182 1561 1206 dicta
1581 1183 1663 1212 villa,
1681 1185 1726 1207 cui
1742 1184 1855 1208 coheret
1869 1192 1883 1208 a
1898 1185 2005 1209 duabus

153 1227 282 1258 partibus
301 1226 394 1250 dictus
414 1225 556 1249 dominus.
595 1223 658 1252 Que
678 1226 776 1249 omnia
796 1227 959 1249 casamenta
973 1225 1097 1249 reddunt
1110 1225 1233 1249 affictum
1254 1226 1333 1250 dicto
1353 1226 1380 1250 d.
1399 1226 1562 1250 Bonisacio.
1600 1226 1681 1256 Item,
1701 1235 1787 1251 unum
1803 1231 2004 1259 casamentum,

154 1271 185 1295 in
203 1277 260 1303 quo
279 1271 391 1294 habitat
410 1269 610 1299 Roncinellus,
629 1270 725 1302 jacens
744 1270 774 1293 In
795 1270 872 1294 dicta
893 1269 965 1293 villa
985 1270 1076 1302 Agne.
1112 1270 1194 1299 Item,
1214 1271 1290 1294 aliud
1312 1272 1513 1302 casamentum,
1532 1273 1629 1304 jacens
1649 1272 1678 1296 in
1700 1273 1778 1296 dicta
1798 1273 1878 1303 villa,
1899 1275 1929 1297 in
1948 1281 2004 1306 quo

152 1316 265 1340 habitat
283 1315 382 1339 Fulco.
417 1314 496 1346 Item,
517 1314 595 1338 aliud
615 1316 816 1342 casamentum,
830 1315 926 1347 jacens
940 1316 970 1338 in
984 1315 1061 1338 dIcta
1076 1315 1148 1339 villa
1162 1315 1253 1347 Agne,
1273 1316 1302 1339 in
1318 1323 1375 1347 quo
1388 1316 1500 1340 habitat
1520 1315 1704 1341 Aleardlnus.
1740 1317 1820 1347 Item,
1833 1318 1914 1342 aliud
1929 1326 2003 1342 casa-

153 1361 288 1391 mentum,
306 1361 402 1393 jacens
422 1360 450 1383 in
471 1359 550 1383 dicta
569 1359 650 1387 villa,
671 1360 700 1382 in
717 1366 776 1392 guo
796 1359 909 1383 habitat
922 1359 1080 1383 Aventura.
1117 1359 1195 1390 Item,
1217 1359 1296 1383 aliud
1315 1362 1519 1389 casamentum,
1537 1361 1633 1393 jacens
1653 1362 1681 1385 in
1698 1361 1775 1386 dicta
1796 1362 1876 1391 villa,
1895 1363 1925 1386 in
1945 1370 2002 1394 quo

153 1404 265 1429 habitat
283 1404 404 1436 Egidius
418 1404 560 1428 sacerdos.
598 1403 679 1432 Item,
692 1403 771 1427 ahud
791 1405 992 1432 casamentum,
1006 1404 1102 1436 jacens
1115 1404 1145 1427 in
1167 1403 1243 1428 dicta
1257 1404 1339 1434 villa,
1354 1405 1383 1427 in
1398 1412 1453 1436 quo
1473 1405 1586 1429 habitat
1604 1405 1747 1429 Martinus
1767 1406 2003 1439 archipresbyter.

150 1449 231 1477 Item,
250 1448 331 1472 aliud
352 1449 555 1478 casamentum,
574 1449 669 1481 Jacens
690 1449 720 1471 in
741 1448 818 1471 dicta
838 1448 910 1472 villa
930 1448 1159 1480 Burgifortis,1n
1174 1456 1228 1479 quo
1248 1448 1362 1472 habitat
1376 1448 1533 1477 Oliverius,
1547 1450 1661 1474 coheret
1680 1451 1714 1474 ab
1729 1458 1784 1475 una
1799 1453 1879 1483 parte
1898 1454 1955 1482 via,
1969 1453 2003 1476 ab

152 1493 218 1518 ali1s
238 1493 332 1517 dictus
352 1492 494 1516 dominus.
531 1492 611 1521 Item,
626 1491 703 1516 aliud
720 1493 923 1522 casamentum,
941 1493 1037 1525 jacens
1052 1493 1081 1516 in
1097 1492 1175 1517 dicta
1189 1492 1261 1516 villa
1276 1494 1462 1525 Burgifortis,
1476 1494 1505 1517 in
1521 1502 1576 1525 quo
1590 1494 1703 1519 habitat
1716 1495 1875 1526 Gaivanus,
1889 1497 2004 1521 coheret

153 1538 179 1561 ei
199 1538 233 1561 ab
252 1544 310 1561 una
333 1538 413 1569 parte
438 1538 488 1561 via
513 1537 655 1565 comunis,
675 1536 709 1560 ab
736 1536 805 1560 aliis
832 1537 926 1560 dictus
946 1536 1091 1561 dommus.
1129 1537 1209 1567 Item,
1229 1537 1309 1561 aliud
1329 1539 1532 1568 casamentum,
1550 1539 1648 1571 jacens
1663 1539 1692 1562 in
1708 1539 1784 1563 dicta
1806 1540 1886 1571 villa,
1901 1541 1932 1564 in
1947 1549 2004 1572 quo

152 1582 266 1606 habitat
279 1582 466 1613 Campionus,
480 1582 525 1605 cui
541 1581 654 1605 coheret
668 1581 703 1605 ab
717 1589 773 1605 una
788 1582 869 1614 parte
882 1582 930 1605 via
944 1583 1084 1610 comunis,
1099 1582 1132 1605 ab
1147 1581 1215 1605 aliis
1228 1581 1324 1605 dictus
1335 1582 1478 1606 dominus.
1503 1583 1583 1611 Item,
1598 1584 1676 1607 aliud
1691 1586 1890 1616 casamentum,
1906 1586 2002 1618 J‘acens

154 1627 183 1650 in
204 1626 283 1650 dicta
302 1626 384 1656 villa,
404 1627 434 1650 in
453 1633 509 1658 quo
530 1626 642 1650 habitat
661 1625 849 1654 Fraxamons,
862 1626 907 1650 cui
922 1626 1037 1650 coheret
1055 1626 1090 1650 ab
1111 1633 1167 1649 una
1186 1628 1266 1659 parte
1280 1627 1328 1650 via
1342 1628 1483 1654 comunIs,
1503 1627 1537 1651 ab
1553 1628 1619 1651 aliis
1634 1628 1728 1652 d1ctus
1743 1629 1887 1653 dominus.
1923 1630 2003 1660 Item,

152 1671 231 1695 aliud
252 1672 452 1699 casamentum,
467 1671 563 1704 jacens
578 1672 607 1694 in
622 1670 699 1695 dicta
714 1671 795 1700 villa,
809 1671 839 1694 in
855 1678 911 1701 quo
924 1671 1036 1695 habitat
1055 1671 1216 1701 DionisiuS‚
1238 1671 1283 1695 cui
1303 1671 1417 1695 coheret
1437 1672 1471 1696 ab
1490 1679 1545 1696 una
1565 1674 1645 1704 parte
1665 1674 1711 1697 via
1731 1674 1870 1704 comuniS,
1890 1673 1923 1698 ab
1937 1675 2004 1699 aliis

153 1716 247 1740 dictus
268 1715 411 1740 dominus.
448 1715 527 1743 Item,
547 1715 627 1739 aliud
647 1716 849 1745 casamentum,
867 1716 963 1748 Jacens
984 1715 1012 1738 in
1040 1715 1117 1739 dicta
1137 1715 1217 1743 villa,
1240 1717 1268 1739 in
1289 1723 1344 1747 quo
1363 1716 1477 1740 habitat
1503 1716 1658 1749 Spineilus,
1685 1718 1728 1741 cui
1750 1718 1863 1742 coheret
1888 1719 1922 1742 ab
1944 1726 2001 1743 una

155 1761 235 1791 parte
255 1761 302 1784 via
322 1761 461 1788 comunis,
482 1760 515 1784 ab
535 1759 602 1784 aliis
622 1760 718 1784 dictus
739 1759 884 1784 dominus.
921 1760 1001 1789 Item,
1022 1760 1099 1783 aliud
1120 1762 1323 1789 casamentum,
1343 1762 1438 1793 jacens
1459 1762 1488 1784 in
1509 1761 1586 1785 dicta
1606 1761 1687 1790 villa,
1708 1763 1737 1785 in
1752 1769 1808 1794 quo
1820 1762 1933 1787 habitat
1946 1764 2001 1788 Na-

153 1805 303 1835 scimbene,
323 1805 368 1829 cui
389 1804 502 1829 coheret
521 1804 555 1828 ab
575 1812 631 1828 una
650 1805 732 1837 parte
752 1805 799 1829 via
819 1805 959 1835 comunis,
978 1804 1012 1828 ab
1033 1805 1099 1828 aliis
1126 1804 1219 1829 dictus
1246 1805 1390 1830 dominus.
1428 1805 1508 1836 Item,
1527 1806 1608 1830 aliud
1628 1808 1828 1838 casamentum,
1848 1809 1945 1841 jacens
1972 1810 2000 1832 in

154 1849 232 1873 dicta
250 1848 332 1878 villa,
353 1850 381 1872 in
403 1856 459 1880 quo
480 1848 593 1873 habitat
612 1848 801 1881 Rustigellus,
820 1849 867 1873 cui
887 1849 1001 1873 coheret
1019 1849 1053 1872 ab
1080 1856 1136 1873 una
1156 1851 1236 1882 parte
1257 1850 1303 1873 vla
1324 1850 1462 1879 comunis,
1483 1851 1517 1874 ab
1540 1851 1608 1874 aliis
1628 1852 1723 1875 dictus
1743 1852 1885 1876 dominus
1922 1852 2003 1883 Item,

153 1894 231 1918 aliud
252 1895 456 1924 casamentum,
474 1895 572 1927 jacens
592 1894 622 1917 in
644 1893 721 1918 dicta
741 1893 824 1923 villa,
845 1895 873 1917 in
889 1901 945 1925 quo
959 1894 1072 1918 habitat
1091 1893 1254 1924 Iacobinus‚
1268 1895 1312 1918 cui
1331 1894 1444 1919 coheret
1458 1895 1493 1918 ab
1506 1902 1563 1919 una
1578 1897 1657 1928 parte
1672 1896 1718 1920 via
1733 1897 1874 1926 comunis,
1887 1897 1920 1921 ab
1934 1897 2002 1921 aliis

151 1939 246 1964 dictus
266 1938 409 1963 dominus.
447 1938 528 1969 Item,
547 1938 626 1963 aliud
646 1940 848 1969 casamentum,
866 1940 965 1972 J'acens
985 1941 1013 1963 in
1035 1940 1112 1964 dicta
1133 1939 1214 1969 villa,
1235 1941 1263 1963 in
1286 1947 1340 1971 quo
1359 1940 1473 1966 habitat
1492 1940 1667 1973 Gualengus,
1687 1943 1730 1966 cui
1753 1943 1868 1966 coheret
1887 1943 1922 1966 ab
1943 1950 2000 1967 una

151 1986 231 2016 parte
250 1986 300 2008 via
320 1985 459 2014 comuniS‚
480 1984 514 2008 ab
534 1984 600 2008 aliis
619 1984 696 2009 idem
715 1985 861 2009 dominus.
897 1985 976 2014 Item,
996 1985 1075 2009 aliud
1096 1987 1300 2015 casamentum,
1320 1987 1417 2018 jacens
1437 1986 1466 2010 in
1488 1986 1565 2010 dicta
1586 1986 1667 2014 villa,
1686 1987 1717 2010 in
1738 1994 1793 2017 quo
1807 1987 1920 2011 habitat
1933 1987 2002 2011 Bur-

150 2030 301 2062 gusfortiS.
339 2029 418 2058 Item,
438 2028 518 2053 aliud
538 2031 739 2058 casamentum,
757 2030 853 2062 jacens
873 2029 902 2053 in
924 2030 1001 2054 dicta
1023 2030 1103 2061 villa,
1124 2031 1153 2054 in
1174 2037 1230 2061 quo
1249 2030 1362 2054 habitat
1383 2031 1565 2061 Benedictus,
1585 2031 1631 2055 cui
1651 2031 1765 2055 coheret
1785 2032 1819 2056 ab
1842 2039 1899 2055 una
1919 2034 1999 2064 parte

154 2075 201 2098 via
221 2075 360 2103 comuniS,
380 2074 416 2098 ab
435 2074 500 2098 aliis
520 2074 613 2098 dictus
632 2074 775 2099 dominus.
812 2075 891 2104 Item,
912 2074 992 2098 aliud
1013 2076 1214 2105 casamentum,
1233 2076 1330 2108 J‘acens
1349 2075 1379 2098 in
1400 2076 1477 2100 dIcta
1497 2075 1578 2106 villa,
1598 2076 1626 2099 ln
1641 2083 1698 2107 quo
1711 2076 1825 2100 habitat
1838 2076 2000 2107 Iacobinus,

152 2120 198 2144 cui
218 2120 332 2143 coheret
351 2119 387 2143 ab
405 2127 461 2144 una
481 2121 561 2151 parte
581 2121 629 2144 via
649 2120 789 2151 comunis,
811 2120 847 2144 ab
867 2120 934 2144 aliis
954 2121 1048 2144 dictus
1074 2121 1215 2144 dominus.
1253 2119 1315 2148 Que
1340 2120 1450 2152 viginti
1470 2127 1556 2144 unum
1577 2121 1769 2144 casamentum
1788 2118 1847 2152 (sic)
1873 2120 2002 2152 superius

152 2165 261 2196 scripta
275 2166 343 2188 sunt
356 2164 389 2188 de
403 2165 484 2196 parte
503 2164 574 2188 dicti
596 2164 622 2188 d.
641 2164 799 2195 Bonisacii,
818 2166 845 2189 et
865 2165 1043 2189 habitatores
1063 2165 1207 2189 dictorum
1228 2167 1455 2189 easamentorum
1475 2164 1578 2188 debent
1593 2165 1699 2188 servire
1713 2165 1794 2188 dicto
1809 2165 1834 2189 d.
1850 2165 1999 2189 Bonisacio

152 2209 246 2234 solum
260 2216 367 2233 amore.
401 2208 481 2240 Item,
496 2216 552 2233 una
566 2209 647 2240 pecia
667 2210 741 2234 terre
761 2209 896 2238 aratorie,
915 2210 1011 2242 jacens
1033 2211 1062 2233 in
1084 2210 1220 2234 districtu
1241 2210 1332 2241 Agne,
1353 2210 1399 2233 ubi
1421 2209 1529 2233 dicitur
1546 2209 1655 2242 Str090,
1672 2210 1746 2233 circa
1761 2211 1827 2233 octo
1842 2217 1957 2242 campos
1971 2212 1998 2234 et

151 2255 222 2279 duas
235 2253 368 2286 perticas,
383 2253 430 2277 cui
450 2253 564 2278 coheret
584 2261 598 2278 a
619 2254 727 2279 duabus
747 2254 880 2286 partibus
900 2254 996 2278 dictus
1016 2255 1041 2278 d.
1056 2254 1234 2283 Bonifacius,
1249 2256 1276 2278 et
1291 2255 1439 2278 laboratur
1452 2261 1501 2285 per
1515 2254 1661 2277 Xandrum
1675 2256 1703 2278 et
1716 2254 1882 2278 Amadeum.
1918 2255 1999 2286 Item,

148 2306 204 2323 una
214 2299 295 2331 pecia
306 2300 388 2326 terre,
398 2298 493 2330 Jacens
504 2299 534 2322 in
546 2298 698 2322 territorio
709 2299 834 2330 Arigeti,
845 2300 971 2330 quatuor
981 2306 1147 2332 camporum
1161 2301 1188 2323 et
1204 2299 1323 2323 duarum
1335 2300 1519 2331 perticarum,
1535 2299 1579 2322 cui
1595 2298 1711 2322 coheret
1722 2305 1738 2322 a
1749 2298 1859 2323 duabus
1870 2299 2000 2332 partibus

151 2344 245 2367 dictus
268 2334 412 2371 dominus,
431 2344 459 2367 et
477 2342 626 2367 laboratur
646 2350 694 2374 per
714 2342 872 2367 Gerardum
893 2343 1041 2368 Varolum.
1078 2344 1158 2372 Item,
1179 2344 1253 2367 eirca
1273 2345 1330 2367 tres
1353 2350 1468 2374 campos
1487 2345 1560 2367 terre
1580 2343 1714 2371 aratorie.
1734 2344 1830 2376 jacens
1850 2344 1879 2367 in
1900 2344 2000 2368 eodem

151 2388 227 2416 loeo,
246 2387 292 2411 cui
312 2387 426 2411 coheret
446 2394 461 2411 a
480 2386 589 2411 duabus
609 2388 740 2419 partibus
760 2387 853 2411 dictus
875 2388 1020 2418 dominus,
1040 2390 1068 2412 et
1089 2388 1235 2412 laboratur
1255 2395 1304 2420 per
1323 2386 1522 2419 Campionem.
1560 2387 1640 2418 Item,
1654 2387 1728 2411 circa
1749 2388 1819 2412 duos
1840 2395 1956 2420 campos
1972 2390 1999 2412 et

152 2432 305 2456 dimidium
325 2433 398 2455 terre
419 2432 552 2460 aratorie,
570 2432 666 2464 jacens
687 2433 718 2456 in
739 2432 838 2456 eodem
859 2433 932 2461 loco,
952 2433 999 2456 cui
1018 2433 1134 2456 coheret
1154 2441 1168 2456 a
1189 2432 1298 2456 duabus
1318 2432 1449 2465 partibus
1469 2432 1563 2456 dictus
1582 2432 1726 2462 domium,
1741 2434 1769 2456 et
1783 2433 1931 2456 laboratur
1950 2440 1999 2464 per

151 2476 309 2500 Iohannem
323 2476 357 2500 de
370 2475 492 2500 Corneo.
523 2476 603 2504 Item,
618 2484 674 2500 una
689 2477 769 2509 pecia
784 2478 858 2501 terre
873 2478 1005 2505 aratorie,
1020 2479 1096 2501 circa
1111 2477 1182 2501 duos
1197 2484 1312 2508 campos
1326 2479 1355 2501 et
1369 2476 1523 2501 dimidium
1538 2478 1565 2501 et
1581 2477 1731 2500 dimidiam
1743 2478 1890 2509 perficam,
1904 2478 2000 2510 jacens

154 2522 184 2544 in
204 2519 366 2549 OrestabIO,
386 2521 429 2544 cui
451 2520 564 2544 coheret
584 2528 598 2544 a
619 2521 727 2545 duabus
747 2522 877 2554 partibus
897 2522 992 2546 dietus
1012 2522 1156 2552 dominus,
1171 2523 1198 2545 et
1212 2522 1359 2545 laboratur
1376 2529 1425 2553 per
1444 2521 1629 2545 Albertinum
1643 2522 1791 2545 Stondam.
1829 2521 1907 2550 Item,
1922 2522 1999 2545 circa

149 2566 287 2596 quattuor
306 2571 421 2596 campos
440 2566 468 2588 et
487 2565 556 2588 duas
575 2566 697 2596 perticas
717 2567 745 2589 et
765 2566 886 2590 mediam
906 2567 980 2590 terre
1000 2567 1136 2595 aratorie,
1159 2566 1280 2599 jacentis
1300 2567 1330 2590 In
1351 2565 1453 2589 braido
1473 2565 1632 2598 Henrlgeti,
1653 2566 1700 2590 cul
1723 2566 1837 2590 coheret
1857 2573 1873 2589 a
1892 2566 2001 2590 duabus

151 2609 281 2640 partibus
301 2608 394 2633 dictus
415 2609 557 2637 dominus,
577 2610 604 2633 et
619 2609 768 2634 laboratur
788 2618 837 2642 per
856 2610 1013 2643 Georgium
1033 2611 1181 2634 Varolum.
1217 2610 1297 2640 Item,
1318 2610 1392 2634 circa
1407 2611 1463 2633 tres
1478 2617 1600 2641 campos
1615 2611 1737 2642 perticas
1753 2612 1820 2634 octo
1836 2612 1863 2634 et
1877 2611 2000 2642 perticas

154 2654 276 2685 triginta
297 2653 366 2677 duas
385 2644 458 2677 terre
478 2654 610 2684 aratorie,
629 2655 751 2687 jacentiS
771 2655 802 2679 in
823 2655 989 2685 Orestablo,
1009 2656 1056 2679 cui
1076 2655 1189 2679 coheret
1209 2663 1223 2679 a
1250 2655 1357 2679 duabus
1377 2655 1506 2686 partibus
1530 2655 1623 2678 dictus
1650 2655 1785 2679 dominus
1808 2656 1835 2679 et
1854 2655 2001 2679 laboratur

150 2706 200 2730 per
218 2698 394 2722 Paduanum.
441 2698 520 2729 Item,
540 2699 614 2723 circa
633 2699 705 2724 duos
724 2707 848 2732 campos,
868 2702 991 2732 perticas
1019 2702 1075 2724 tres
1103 2702 1131 2724 et
1159 2700 1311 2724 dimidiam
1331 2702 1405 2724 terre
1425 2700 1557 2728 aratorie,
1575 2701 1671 2732 Jacens
1690 2700 1721 2723 ln
1742 2700 1839 2724 eodem
1859 2700 1932 2729 loco,
1953 2700 1999 2723 cui

149 2743 264 2767 coheret
283 2751 297 2767 a
317 2742 425 2767 duabus
445 2743 575 2776 partibus
594 2743 689 2768 dictus
709 2744 850 2773 dominus,
870 2746 898 2769 et
916 2745 1065 2769 laboratur
1085 2753 1133 2778 per
1153 2745 1289 2769 Blasium.
1325 2744 1404 2773 Item,
1419 2745 1495 2768 circa
1509 2745 1635 2775 quinque
1648 2751 1763 2777 campos
1776 2746 1859 2773 terre,
1877 2745 2000 2778 jacentis

151 2788 181 2811 in
201 2787 302 2811 braido
321 2787 481 2819 Heni-igeti,
502 2788 546 2811 cui
567 2788 680 2813 coheret
698 2795 714 2813 a
735 2789 842 2813 duabus
862 2789 991 2822 partibus
1011 2789 1106 2813 dictus
1127 2789 1272 2819 dominuS,
1286 2790 1313 2813 ct
1327 2789 1476 2812 laboratur
1495 2796 1544 2821 per
1556 2788 1692 2813 Ioannem
1707 2790 1882 2813 massarIum.
1918 2789 1998 2818 Item,

149 2833 224 2856 circa
243 2831 338 2856 decem
357 2832 386 2856 et
405 2833 470 2856 octo
490 2838 604 2864 campos
624 2834 651 2856 et
670 2832 833 2863 dImidium‚
853 2841 937 2858 unam
956 2834 1095 2867 perticam
1115 2836 1143 2857 et
1158 2833 1307 2858 dimidiam
1322 2835 1395 2857 terre
1409 2834 1542 2864 aratorie,
1554 2833 1676 2866 J'acentis
1691 2840 1773 2865 super
1787 2833 1891 2857 vallem
1905 2833 2001 2862 Bothi,

151 2876 198 2900 cui
217 2877 332 2901 coheret
351 2884 366 2901 a
387 2876 494 2900 duabus
513 2877 642 2908 partibus
663 2877 755 2902 dictus
775 2879 918 2909 dominus,
937 2880 965 2903 et
984 2878 1133 2903 laboratur
1153 2886 1201 2911 per
1221 2878 1404 2902 Albertinum
1425 2878 1458 2901 de
1478 2877 1658 2902 Stancoiino.
1696 2878 1774 2906 Item,
1789 2879 1865 2902 circa
1885 2885 2000 2910 campos

147 2922 203 2945 tres
223 2922 251 2945 et
269 2921 380 2945 tabulas
400 2921 591 2953 quadraginta
611 2923 684 2946 terre
703 2924 839 2953 aratorie,
856 2924 979 2956 jacentis
999 2931 1088 2955 prope
1106 2924 1201 2955 siligo
1223 2924 1250 2946 ‘n
1277 2924 1373 2954 capite
1394 2922 1523 2946 clausure
1548 2922 1665 2946 illorum
1686 2923 1720 2946 de
1745 2922 1928 2953 Stancoilno,
1953 2924 1998 2947 eui

149 2966 264 2990 coheret
283 2972 297 2990 a
318 2965 425 2990 duabus
446 2966 575 2997 partibus
594 2965 686 2991 dictus
706 2966 848 2999 dominus,
871 2970 899 2992 et
919 2967 1066 2992 laboratur
1084 2975 1133 3000 per
1153 2968 1343 2992 Anthonium.
1382 2967 1460 2998 Item,
1474 2969 1549 2991 circa
1564 2967 1688 2998 perticas
1702 2968 1832 2992 undecim
1847 2969 1920 2991 terre
1938 2975 1997 2991 ara-

277 3108 309 3133 T.
332 3108 418 3137 XVII,
439 3116 466 3140 p.
486 3114 505 3139 1,
530 3108 587 3132 vol.
608 3114 633 3132 11
654 3122 685 3127 —
711 3116 750 3140 14.
