2290 3449
318 199 392 234 268
671 197 851 235 GESTA.
874 197 1181 233 MAGNIFICA
1210 197 1396 232 DOMUS
1425 197 1812 233 CARRARIENSIS

408 330 478 362 171.
504 330 583 370 [67].
608 347 650 351 —-—
674 330 727 361 En
752 329 832 372 quel
856 340 947 362 anno
972 336 1006 361 et
1031 330 1073 362 de
1099 329 1179 371 quel
1203 339 1296 360 mese
1321 328 1353 359 el
1377 329 1566 371 magnifico
1598 339 1710 360 meser
1742 329 1890 361 Ubertin
1920 329 1967 361 fe’
1998 336 2118 361 tornat
2140 340 2161 360 a

312 382 406 414 Pava
430 382 569 414 Iacomo
594 389 628 414 et
651 382 815 421 Iacomin,
841 382 992 421 fradelli,
1016 382 1093 414 fioli
1117 383 1183 414 che
1208 382 1244 413 fo
1269 381 1312 413 de
1337 392 1449 412 meser
1475 381 1599 413 Nicolb
1624 382 1669 413 da
1692 382 1852 413 Carrara.

409 488 479 522 172.
501 488 581 529 [68].
605 480 649 511 -’
672 488 713 520 ΕΙ
736 488 930 531 magnifico
954 498 1067 520 meser
1092 488 1250 524 Ubertin,
1275 487 1425 518 voiando
1457 486 1573 528 implir
1603 488 1636 518 la
1666 497 1834 530 speranca
1865 487 1923 519 del
1954 498 1991 519 so
2022 488 2160 519 deside-

313 541 375 579 rio,
399 540 460 584 ςοὲ
486 542 529 572 de
554 548 631 573 tuor
653 541 812 584 Vicenca
837 541 929 572 delle
955 552 1032 572 man
1058 542 1101 572 de
1125 541 1223 582 quilli
1248 539 1343 572 dalla
1368 539 1482 575 Scala,
1499 539 1533 571 in
1558 539 1654 571 mille
1676 545 1830 571 tresento
1855 547 2022 582 quaranta
2046 552 2103 577 un,
2129 539 2162 572 la

315 596 508 636 domenega
533 594 661 627 d’olivo
685 605 774 627 nove
800 595 958 631 d‘avrile,
983 595 1125 626 cavalcb
1150 606 1169 625 a
1193 594 1401 626 Lendenara
1427 599 1461 625 et
1484 593 1508 624 li
1532 594 1570 625 fo
1593 593 1630 624 in
1654 593 1768 626 stritto
1792 593 2008 634 parlamento
2039 594 2097 631 lui,
2130 594 2162 625 el
2209 593 2226 625 5

314 647 494 679 marchese
519 647 627 684 d’Est‚
651 647 683 678 el
706 647 824 689 signor
848 648 892 678 de
918 647 1075 690 Bologna
1099 653 1133 680 et
1156 648 1167 678 i
1193 646 1392 678 ambaxaori
1418 646 1473 677 del
1499 656 1626 677 comun
1643 646 1687 677 de
1703 645 1886 688 Fiorenca,
1911 657 1972 687 per
1988 646 1999 677 i
2016 646 2108 688 quali
2125 647 2161 678 fo

317 699 472 731 fermada
497 706 530 732 et
555 701 685 742 ⁷curada
709 700 778 743 liga
803 701 957 732 contrai
989 701 1119 742 signori
1150 700 1244 732 dalla
1275 698 1390 731 Scala.
1436 699 1496 730 Ma
1529 699 1566 730 in
1597 705 1719 740 questo
1753 709 1850 742 meco
1882 710 1994 731 meser
2025 699 2161 731 Luchin

314 753 492 792 Visconte‚
516 764 630 785 meser
653 753 782 785 Mastin
807 753 899 785 dalla
924 753 1029 785 Scala
1053 759 1087 784 et
1110 764 1222 785 meser
1248 753 1408 795 Lodoigo
1434 752 1479 783 da
1504 752 1673 794 Goncaga
1696 752 1929 793 aparechiava
1949 758 2053 794 gente
2078 762 2160 784 con-

314 813 367 838 tra
392 806 559 849 Bologna,
585 812 619 838 et
643 817 702 838 era
728 806 759 837 le
784 807 869 838 ditte
895 812 998 848 gente
1027 806 1067 848 ςὲῑ
1091 812 1194 848 conte
1219 817 1238 837 a
1264 806 1399 842 Parma,
1423 806 1452 836 0’
1478 815 1540 845 per
1571 804 1585 834 i
1612 805 1741 847 signori
1775 804 1867 836 dalla
1899 806 2003 836 Scala
2033 815 2160 848 regeva

316 860 414 902 quilli
437 860 481 892 da
505 859 684 901 Corregio.
731 859 774 891 Et
798 859 871 890 cosi
897 869 959 900 per
983 866 1082 900 parte
1107 859 1151 890 de
1168 869 1282 890 meser
1307 858 1455 890 Ubertin
1479 858 1669 900 requirido,
1694 857 1930 899 Hengelmaro
1955 858 1998 889 de
2025 858 2159 890 Villan-
2187 859 2225 889 10

313 914 394 944 dres
417 923 483 944 eon
509 913 589 944 elmi
614 918 816 954 septecento
838 922 951 942 venne
976 911 1206 953 d'Alemagna
1229 923 1249 943 a
1274 913 1368 944 Pava
1393 918 1436 949 et,
1459 911 1543 942 deli
1568 911 1779 952 partandose
1803 922 1822 942 e
1840 911 2080 954 cavalchando
2097 921 2158 952 per

318 967 472 1001 Ferrara,
499 976 600 1008 conse
622 976 641 995 a
666 964 822 1007 Bologna
839 976 858 995 a
876 964 911 995 di
930 974 997 995 XI11
1017 964 1182 1006 d'agosto.
1223 965 1266 995 Et
1283 964 1405 996 siando
1423 964 1463 1006 ςὲι
1484 974 1546 1006 per
1563 964 1741 995 combater
1758 963 1850 995 l'una
1867 970 1901 996 et
1916 964 2030 996 l‘aitra
2046 970 2158 1005 parte,

319 1029 382 1060 per
405 1018 657 1060 interposicion
683 1019 726 1050 de
751 1028 863 1048 meser
886 1018 1023 1049 Luchin
1046 1017 1140 1059 segni
1164 1017 1340 1054 l'acordo;
1366 1017 1460 1048 della
1476 1017 1556 1059 qual
1574 1027 1656 1048 cosa
1675 1017 1868 1059 vecandose
1892 1017 2019 1059 ingane
2040 1017 2071 1048 el
2090 1027 2161 1048 ma-

314 1072 450 1114 gnifico
475 1082 587 1104 meser
612 1071 774 1109 Ubertin,
797 1070 919 1102 simule)
945 1071 988 1101 de
1006 1070 1064 1102 nol
1082 1081 1307 1112 cognoscere,
1333 1071 1436 1108 unde,
1461 1082 1480 1102 a
1498 1071 1533 1102 di
1550 1071 1634 1102 vinti
1650 1082 1695 1101 un
1715 1070 1758 1101 de
1775 1070 1986 1111 septembre,
2004 1070 2162 1112 Hengel-

314 1135 410 1156 maro
435 1135 500 1157 con
524 1125 556 1156 la
582 1131 684 1167 gente
710 1134 768 1155 soa
792 1124 893 1156 ἴοι-τιὸ
918 1135 938 1155 a
963 1124 1067 1162 pava,
1091 1130 1125 1155 et
1149 1123 1173 1154 li
1196 1123 1362 1156 recevudi
1394 1124 1492 1155 molti
1520 1124 1672 1165 presenti
1698 1124 1743 1155 da
1767 1133 1881 1155 meser
1906 1123 2066 1164 Ubertin,
2097 1123 2155 1165 poi
2184 1124 2221 1154 15

316 1178 460 1210 cavalcb
484 1178 517 1209 in
542 1178 738 1219 Alemagna
763 1187 829 1209 con
853 1177 864 1207 i
890 1177 952 1209 soi.

407 1285 476 1319 173.
502 1285 582 1326 [69].
612 1303 648 1308 —
673 1284 740 1316 Nel
765 1284 854 1316 ditto
878 1284 1072 1320 millesimo,
1097 1283 1155 1315 del
1179 1294 1272 1315 mese
1298 1284 1341 1315 de
1374 1290 1518 1322 ottovre‚
1543 1285 1575 1315 el
1600 1284 1790 1327 magnifico
1814 1294 1926 1315 meser
1947 1283 2097 1316 Ubertin
2120 1284 2165 1315 da

315 1339 463 1370 Carrara
487 1338 534 1370 fe'
558 1338 613 1368 far
638 1337 670 1369 la
693 1338 812 1369 strada
836 1337 879 1368 de
903 1337 1201 1378 Camposanpiero
1227 1342 1260 1367 et
1278 1337 1445 1379 comencb
1469 1337 1566 1368 molti
1585 1337 1663 1368 altri
1679 1337 1855 1368 lavorieri.
1889 1336 1932 1367 El
1955 1337 2035 1378 qual
2053 1346 2166 1368 meser

313 1391 461 1424 Ubertin
485 1392 520 1423 in
545 1391 754 1433 reparacion
778 1390 872 1422 della
895 1397 987 1422 terra
1011 1395 1045 1422 et
1070 1390 1161 1421 delle
1185 1389 1266 1421 ville
1291 1390 1328 1422 fo
1352 1390 1457 1422 molto
1482 1390 1691 1433 veghievole
1715 1396 1749 1421 et
1773 1390 1922 1422 solicito.

406 1498 477 1533 174.
502 1497 581 1539 [70].
605 1517 648 1520 —
669 1497 724 1528 En
749 1497 842 1529 mille
866 1502 1021 1529 tresento
1046 1497 1277 1539 quarantadu,
1310 1508 1329 1528 a
1353 1497 1387 1528 di
1413 1502 1511 1539 septe
1538 1498 1581 1528 de
1606 1507 1745 1538 cenam,
1773 1497 1805 1527 el
1828 1496 2020 1538 magnifico
2051 1506 2163 1527 meser
2187 1497 2229 1528 20

313 1552 461 1586 Ubertin
484 1552 527 1583 da
552 1552 702 1583 Carrara
728 1562 790 1592 per
814 1550 1017 1582 reverencia
1041 1557 1075 1582 et
1099 1560 1196 1581 amor
1212 1550 1256 1581 de
1274 1550 1421 1593 Oppico,
1446 1550 1628 1582 marchese
1653 1549 1696 1580 de
1721 1549 1794 1587 Est,
1818 1549 1963 1580 Famistil
1984 1549 2042 1581 del
2059 1549 2162 1591 quale

314 1605 382 1637 ello
407 1615 527 1636 amava
551 1615 651 1636 sovra
676 1604 850 1646 ogn'altra
875 1614 965 1644 cosa,
981 1604 1123 1636 retornb
1149 1614 1169 1634 a
1192 1603 1289 1635 Pava
1308 1603 1432 1635 Nicolb
1450 1610 1483 1634 et
1500 1603 1616 1634 Marin
1633 1603 1667 1634 di
1686 1602 1905 1639 Macharuffi‚
1919 1602 2162 1645 Theselgardo

315 1659 348 1690 di
373 1657 520 1696 Malicii,
545 1668 608 1699 per
630 1658 663 1688 la
687 1664 797 1689 morte
822 1656 864 1688 de
889 1657 1112 1688 Macharuffo
1137 1656 1283 1700 chacadi
1309 1668 1371 1698 per
1395 1657 1509 1688 ribelli
1535 1657 1593 1688 del
1624 1667 1750 1688 comun
1774 1656 1817 1687 de
1849 1655 1944 1688 Pava
1974 1662 2008 1687 et
2040 1656 2163 1687 nemisi

314 1711 457 1753 capitali
484 1711 527 1742 de
551 1721 663 1745 meser
690 1710 845 1742 Marsilio
871 1712 916 1742 da
940 1709 1101 1742 Carrara.

409 1818 479 1853 175.
504 1817 583 1859 [71].
609 1835 651 1839 ——
673 1817 725 1848 En
751 1817 782 1848 lo
799 1817 953 1858 preditto
977 1816 1170 1853 millesimo,
1189 1828 1208 1847 a
1225 1817 1260 1848 di
1277 1816 1422 1848 ventidu
1440 1817 1483 1848 de
1501 1817 1652 1853 fevraro,
1669 1816 1679 1846 i
1696 1815 1876 1858 magnifici
1901 1815 2032 1857 signori
2051 1825 2164 1847 meser
2188 1815 2228 1847 25

314 1871 462 1903 Ubertin
487 1873 530 1904 da
555 1870 716 1907 Carrara,
748 1871 780 1901 el
804 1871 986 1901 marchese
1012 1870 1110 1902 d'Est
1134 1876 1169 1901 et
1192 1880 1305 1901 meser
1328 1869 1447 1914 ‚Cuane
1477 1870 1513 1901 di
1539 1868 1663 1909 Pepoli
1696 1869 1781 1900 sono
1805 1879 1825 1899 a
1849 1867 1966 1910 Borgo
1989 1868 2164 1900 insembre

315 1935 335 1955 a
359 1924 587 1966 parlamento,
612 1924 775 1966 conconti
801 1924 844 1955 de
871 1934 938 1955 una
961 1923 1094 1965 grande
1119 1922 1298 1960 amistade‚
1323 1934 1378 1954 ma
1403 1933 1468 1964 pur
1493 1923 1535 1954 de
1560 1922 1662 1953 fuora
1686 1932 1730 1953 no
1754 1932 1790 1953 se
1814 1931 1922 1963 sappe
1947 1921 2074 1964 quello,
2097 1922 2163 1954 che

315 1978 352 2009 fo
376 1978 501 2010 tason&
526 1984 581 2010 tra
604 1978 688 2009 loro.

407 2083 478 2118 176.
503 2083 582 2124 [72].
607 2102 650 2106 —
676 2084 724 2115 En
749 2083 830 2125 quel
854 2083 1048 2120 millesimo,
1073 2093 1092 2114 a
1115 2082 1152 2114 di
1186 2083 1331 2114 ventidu
1363 2083 1406 2114 de
1438 2092 1548 2125 maco,
1581 2082 1612 2113 el
1645 2082 1837 2124 magnifico
1870 2091 1983 2113 meser
2013 2080 2178 2122 Ubertin}

315 2137 437 2169 receve
462 2137 519 2168 dai
543 2137 673 2178 signori
698 2137 742 2167 da
766 2136 931 2178 Correco,
955 2136 965 2166 i
990 2137 1082 2178 quali
1108 2147 1167 2167 era
1191 2136 1224 2166 in
1250 2136 1374 2168 Parma
1399 2146 1462 2177 per
1486 2146 1598 2166 meser
1622 2135 1762 2172 Mastin,
1790 2145 1858 2165 una
1882 2135 1990 2166 letera
2014 2135 2073 2166 del
2097 2141 2160 2166 sot·
2188 2135 2231 2166 30

315 2191 482 2231 toscripto
506 2196 626 2222 tenore
651 2190 701 2221 sul
727 2191 813 2221 fatto
839 2189 932 2221 della
958 2189 1142 2227 rebellion,
1166 2190 1230 2220 che
1257 2188 1313 2219 elli
1339 2189 1449 2220 havea
1472 2189 1559 2220 fatto
1586 2188 1678 2219 della
1703 2188 1790 2220 ditta
1815 2188 1885 2219 cita
1917 2188 1960 2219 de
1992 2188 2126 2220 Parma.

410 2245 424 2260 “
439 2243 633 2286 Magnifico
656 2244 798 2275 domino
815 2243 997 2281 Uberfino,
1016 2242 1166 2274 civitatis
1183 2242 1303 2274 Padue
1320 2242 1458 2273 domino
1475 2242 1644 2284 generali.
1690 2241 1800 2273 Vobis
1817 2242 1862 2273 ad
1879 2241 2040 2284 gaudium
2058 2241 2163 2283 signi-

321 2297 495 2328 “ficamus
518 2297 614 2339 quod
639 2297 697 2328 die
721 2297 800 2328 lune
824 2296 991 2338 vigesimo
1016 2296 1126 2337 primo
1151 2296 1217 2327 mai
1243 2295 1401 2328 dominus
1425 2295 1579 2327 Bonetus
1597 2296 1641 2327 de
1658 2295 1870 2327 B‘Ialavicina
1887 2294 1987 2326 nobis
2001 2295 2163 2326 insultum

322 2350 434 2382 “fecit
457 2360 534 2381 cum
559 2350 718 2382 omnibus
742 2350 922 2392 armigeris
946 2349 1096 2381 civitatis
1121 2349 1255 2380 Parme.
1302 2348 1376 2380 Nos
1401 2359 1484 2380 vero
1509 2349 1553 2380 ad
1578 2355 1731 2381 nostram
1757 2348 1949 2380 deffensam
1971 2354 2165 2390 pugnantes

322 2404 440 2444 “ipsos
472 2403 626 2434 finaliter
657 2403 862 2439 devicimus,
887 2408 931 2439 et,
961 2403 1077 2433 coacti
1108 2402 1283 2434 civitatem
1317 2401 1426 2439 exire3
1458 2402 1576 2443 fugam
1609 2401 1840 2442 arripuerunt.
1888 2401 2056 2432 Dominus
2080 2410 2163 2432 vero
2187 2399 2227 2431 35

321 2458 334 2472 “
352 2457 502 2488 Bonetus
526 2457 588 2488 sub
614 2456 686 2487 fide
712 2457 872 2488 detentus
897 2462 958 2487 est.

411 2510 566 2546 “Gufflo,
590 2508 721 2543 Simon.
748 2509 856 2549 Acco,
881 2509 1064 2545 Iohannes,
1090 2509 1218 2540 fratres
1250 2509 1293 2540 de
1326 2508 1495 2550 Corrigia.
1545 2509 1622 2540 Dat.
1656 2508 1790 2548 Parme,
1824 2508 1879 2540 die
1912 2507 2081 2550 vigesimo
2112 2517 2167 2538 se-

325 2566 338 2579 “
354 2564 468 2595 cundo
494 2565 560 2595 mai
575 2587 604 2601 „.

413 2669 482 2703 177.
515 2668 594 2710 [73].
628 2687 671 2691 —
701 2669 767 2700 Nel
800 2669 887 2701 ditto
918 2669 1112 2708 millesimo,
1145 2667 1202 2700 del
1233 2677 1326 2699 mese
1359 2667 1402 2698 de
1435 2667 1643 2708 septembre,
1675 2668 1707 2698 la
1740 2672 1844 2709 gente
1879 2666 1938 2698 del
1969 2666 2087 2708 signor
2118 2666 2163 2697 de

320 2724 463 2755 Mantoa
487 2732 552 2753 con
580 2722 729 2754 l’alturio
755 2722 789 2754 di
815 2721 1021 2764 magnisichi
1046 2721 1177 2763 signori
1202 2731 1314 2752 meser
1339 2720 1473 2751 Luchin
1498 2719 1667 2751 Visconte
1701 2727 1734 2751 et
1766 2719 1913 2752 Ubertin
1939 2720 1983 2751 da
2014 2718 2163 2751 Carrara
2188 2720 2229 2750 40

319 2775 486 2806 cavalchb
511 2780 633 2806 contra
659 2775 811 2811 Verona,
836 2775 1017 2806 mettando
1041 2786 1061 2805 a
1086 2774 1191 2816 fuogo
1209 2779 1244 2805 et
1264 2773 1367 2803 fiama
1392 2778 1426 2804 et
1452 2772 1607 2804 robando
1626 2772 1709 2815 ogni
1727 2782 1808 2804 cosa
1824 2773 1924 2803 fuora
1942 2771 2033 2803 dalle
2054 2778 2164 2812 porte,

318 2828 410 2859 della
433 2827 513 2869 qual
539 2837 620 2858 cosa
645 2837 756 2858 meser
780 2827 929 2859 Ubertin
955 2828 991 2859 fo
1017 2827 1123 2859 molto
1148 2826 1290 2868 aliegm,
1314 2825 1446 2867 perche
1471 2825 1537 2856 ello
1562 2836 1716 2867 pensava
1747 2825 1902 2867 segondo
1927 2824 1961 2855 la
1986 2825 2097 2855 forma
2129 2824 2163 2855 di

320 2882 416 2921 patti,
441 2881 506 2912 che
531 2881 588 2912 elli
613 2881 723 2912 havea
749 2886 924 2912 contratto
949 2880 1132 2917 insembre,
1156 2885 1279 2911 metter
1304 2889 1425 2920 campo
1451 2879 1589 2910 intorno
1615 2890 1633 2910 a
1657 2879 1814 2920 Vicenca
1838 2884 1872 2909 et
1896 2878 2006 2909 havea
2027 2877 2067 2919 ςὲι
2083 2887 2164 2918 apa-

321 2933 438 2966 rechiii
463 2945 482 2965 a
507 2933 744 2974 Montagnana
769 2933 802 2964 le
826 2934 990 2965 vittuarie
1018 2939 1052 2964 et
1076 2933 1106 2964 le
1130 2933 1216 2964 altre
1241 2942 1321 2964 cose
1347 2932 1540 2963 necessarie
1565 2942 1628 2974 per
1651 2942 1712 2963 uso
1738 2932 1782 2963 de
1808 2932 1915 2963 l’oste.
1961 2931 2020 2962 Ma
2036 2931 2046 2961 i
2064 2930 2163 2963 Man-
