2290 3449
156 324 191 351 et
215 319 258 350 de
283 318 315 350 la
338 329 399 360 per
423 318 456 350 la
480 319 536 351 via
562 319 605 351 de
630 319 760 351 Bassan
785 319 929 351 cavalco
953 319 989 350 in
1012 318 1216 361 Alemagna.
1263 318 1308 350 Et
1332 319 1369 350 fo
1394 323 1516 361 questo
1541 318 1597 350 del
1623 328 1715 350 mese
1742 319 1784 350 de
1811 317 2000 350 novembre

150 371 186 402 in
211 371 304 403 mille
327 378 481 405 tresento
506 373 734 415 quarantatri.

245 467 317 502 187.
343 469 421 510 [83].
449 488 488 492 —-
514 470 566 501 En
590 470 683 501 mille
708 476 860 502 tresento
886 475 1056 511 quaranta
1081 475 1213 511 quatro,
1238 469 1271 500 el
1294 468 1478 511 magnifico
1504 480 1614 500 meser
1637 469 1785 501 Ubertin
1811 470 1856 501 fe’
1877 469 1999 501 brusar

153 522 197 553 do
223 522 371 560 femene,
395 534 489 554 mare
513 529 547 555 et
571 523 661 560 fiola,
686 522 816 564 perche
840 533 898 559 un,
915 522 981 554 che
998 523 1111 554 havea
1134 527 1246 554 morto
1263 532 1309 553 un
1327 522 1441 559 homo,
1458 532 1502 564 ge
1519 532 1579 553 era
1595 523 1693 554 stado
1719 533 1840 554 ascoso
1859 523 1894 553 in
1912 533 2002 559 casa,

110 573 127 603 5
153 574 289 607 benche
314 576 430 618 picolo
455 576 583 618 spacio.
630 576 675 607 Et
698 576 735 606 fo
759 580 883 617 questo
907 575 966 607 del
990 584 1084 606 mese
1110 575 1152 606 de
1177 585 1308 616 marco.

246 684 316 715 188.
342 683 421 725 [84].
446 701 486 706 —
512 682 565 714 En
589 682 671 724 quel
695 692 800 718 mese,
824 682 856 712 el
880 682 1064 725 magnifico
1088 691 1200 713 meser
1225 681 1374 714 Ubertin
1398 681 1446 713 fe'
1470 687 1594 713 metter
1618 682 1650 713 el
1675 682 1810 723 relogio
1839 683 1881 714 de
1900 682 2001 714 vinti—

153 742 274 779 quatro
298 738 383 768 hore
409 736 496 767 sulla
520 742 624 772 torre,
649 734 681 766 o'
706 735 772 766 che
794 734 838 765 l'e
862 735 895 766 al
920 741 1094 776 presente.

244 835 315 866 lS9.
343 834 422 875 [85].
450 850 488 856 —
513 832 644 864 Siando
668 843 688 864 a
712 832 808 863 Pava
832 843 900 863 una
924 842 1010 874 gran
1034 832 1256 864 moltitudine
1281 832 1325 864 de
1350 832 1568 870 accusadori,
1594 833 1626 864 el
1651 843 1787 864 avenne
1808 844 1876 864 una
1901 833 2000 869 fiada,

151 889 215 919 che
240 889 282 919 tri
309 887 434 919 accusa
458 898 504 918 un
529 886 654 918 Nicolo
680 886 713 917 di
740 885 910 924 Gardelli,
934 887 1000 917 che
1026 886 1095 918 ello
1119 886 1264 917 havesse
1289 886 1379 918 ditto
1403 887 1524 928 parole
1541 887 1716 928 incuriose
1742 893 1775 918 et
1793 887 2001 918 deshoneste

90 943 128 972 10
153 947 274 972 contra
299 940 330 971 el
354 939 539 982 magnifico
563 949 678 970 meser
701 938 872 970 Ubertin:
897 949 963 976 ma,
989 939 1164 970 cerchado
1189 939 1220 970 la
1243 938 1354 970 verita
1379 938 1446 970 ben
1470 940 1679 976 sotilmente‚
1704 938 1735 969 el
1761 940 1798 971 1'0
1822 939 1920 970 trova
1937 939 2001 971 che

152 993 250 1036 quilli
274 993 318 1024 tri
343 993 454 1024 havea
478 992 683 1023 falsamente
708 991 812 1023 acusa
830 991 909 1033 quel
927 991 1063 1023 Nicolb.
1110 991 1176 1023 Per
1202 991 1233 1022 la
1250 992 1331 1034 qual
1350 1002 1431 1024 cosa
1452 993 1495 1024 de
1520 993 1807 1024 comandamento
1825 993 1868 1024 de
1893 1002 2004 1024 meser

149 1046 298 1079 Ubertin
324 1046 333 1076 i
358 1046 395 1077 fo
419 1045 519 1077 mena
543 1056 608 1086 per
626 1045 658 1076 le
691 1045 792 1086 piace
824 1055 892 1077 con
917 1045 948 1075 le
980 1044 1116 1076 trombe
1149 1046 1306 1077 sonando
1338 1045 1466 1087 inanci,
1498 1045 1703 1077 iucoronadi
1730 1045 1774 1076 de
1799 1055 1928 1077 corone
1960 1046 2003 1077 de

149 1099 293 1137 falsarii,
317 1099 372 1140 po'
398 1109 461 1141 per
485 1104 573 1130 tutta
597 1099 630 1130 la
654 1099 722 1131 cita
747 1105 782 1130 et
806 1108 869 1140 per
893 1098 902 1129 i
928 1097 1065 1140 burghi.
1112 1097 1157 1129 Al
1184 1099 1336 1141 guardar
1353 1099 1387 1130 di
1413 1099 1556 1141 preditti
1575 1109 1696 1131 correa
1714 1099 1791 1130 tutti
1817 1099 1826 1128 1
1854 1099 2008 1136 81130101,

151 1152 397 1185 1)808(11880(10
422 1152 454 1183 81
480 1152 567 1183 ditto
592 1162 705 1184 meser
735 1151 897 1184 Ubertin.
945 1151 990 1183 Et
1012 1151 1070 1193 poi
1097 1162 1116 1183 a
1140 1151 1285 1184 l'ultimo
1309 1163 1372 1194 per
1395 1152 1555 1194 exemplo
1579 1152 1635 1184 dei
1661 1152 1740 1184 altri
1764 1152 1796 1184 el
1821 1153 1853 1184 ie
1877 1153 1914 1184 fo
1937 1152 2007 1184 taia

90 1205 127 1237 15
152 1205 186 1237 le
210 1206 347 1247 lengue.
394 1204 440 1237 Et
462 1205 499 1236 fo
525 1211 647 1248 questo
672 1205 730 1237 del
754 1214 848 1236 mese
872 1204 1022 1237 instesso
1047 1205 1091 1236 de
1116 1215 1243 1246 marco.

243 1304 316 1335 190.
341 1302 420 1344 [86].
447 1321 488 1325 -
511 1302 627 1335 Xicho
652 1303 745 1334 intro
771 1303 779 1333 i
807 1302 856 1334 soi
884 1302 1018 1334 castelli
1042 1303 1087 1334 da
1111 1302 1304 1344 Caldinaco
1322 1309 1358 1335 et
1375 1303 1471 1345 altro¹
1487 1303 1606 1346 vignia
1630 1303 1737 1336 molto
1753 1303 1929 1335 infestado
1947 1303 2005 1335 dal

152 1367 304 1389 vescovo
329 1357 373 1388 de
397 1356 540 1388 Trento.
589 1356 632 1387 Et
664 1366 726 1397 per
749 1355 914 1388 Conrado
945 1355 989 1387 de
1022 1356 1131 1388 Sinan
1155 1362 1190 1388 et
1214 1356 1448 1398 Hengelmaro
1473 1357 1517 1388 de
1542 1357 1744 1389 Villandres
1767 1357 1811 1388 ad
1834 1357 2005 1389 instancia

152 1411 209 1442 del
233 1410 322 1442 ditto
345 1419 495 1442 vescovo
521 1420 581 1441 era
605 1416 657 1441 sta
680 1409 760 1452 quel
784 1419 876 1441 anno
900 1415 1000 1450 posto
1025 1420 1151 1451 campo
1175 1410 1241 1441 alle
1266 1410 1401 1450 fortece
1425 1409 1483 1442 del
1508 1410 1597 1442 ditto
1622 1411 1749 1447 Xicho,
1781 1410 1811 1442 el
1836 1411 1928 1452 qual,
1960 1420 2004 1442 no

152 1464 276 1496 siando
301 1463 493 1496 sufficiente
518 1463 585 1495 alle
610 1464 709 1505 force
734 1463 791 1494 del
815 1473 964 1494 vescovo
989 1464 1152 1505 preditto‚
1177 1474 1291 1495 venne
1309 1475 1328 1495 a
1345 1463 1441 1495 Pava
1465 1475 1485 1495 a
1508 1475 1620 1496 meser
1637 1464 1796 1502 Ubertin,
1821 1464 1878 1496 dal
1903 1464 2005 1506 quale

85 1519 128 1549 20
153 1517 221 1549 ello
245 1517 335 1548 have
359 1516 392 1549 el
415 1516 581 1555 subsidio,
604 1516 671 1549 che
695 1516 764 1548 ello
789 1516 982 1553 domand63
1007 1522 1042 1548 et
1066 1516 1138 1549 8051
1163 1517 1410 1549 incontenente
1434 1518 1531 1560 segni
1548 1524 1669 1560 tregua
1687 1523 1739 1549 tra
1756 1517 1788 1548 le
1808 1523 1918 1559 parte.
1965 1517 2004 1548 In

156 1575 280 1612 questo
304 1580 401 1611 meco
427 1570 465 1601 fo
490 1570 585 1601 facto
612 1579 871 1611 compromesso
902 1569 947 1601 de
980 1569 1062 1612 ogni
1087 1570 1302 1607 differentia,
1334 1569 1399 1602 che
1430 1571 1524 1603 fosse
1549 1576 1601 1602 tra
1625 1571 1646 1602 ’l
1679 1570 1767 1602 ditto
1794 1580 1946 1602 vescovo
1970 1576 2005 1602 et

152 1622 280 1660 Xicho,
307 1623 400 1654 intro
424 1622 652 1664 l'imperador
676 1622 849 1665 Lodoigo‚
872 1621 905 1653 el
931 1622 1114 1654 marchese
1138 1621 1183 1654 de
1208 1622 1507 1665 Brandemburgo‚
1532 1633 1569 1655 so
1594 1623 1685 1660 fiolo,
1708 1630 1743 1655 et
1766 1622 1798 1654 el
1815 1623 2000 1666 magnifico

154 1686 267 1708 meser
290 1676 439 1708 Ubertin
465 1677 510 1707 da
534 1675 694 1708 Carrara.

247 1783 318 1815 191.
344 1783 422 1824 [87].
447 1804 487 1808 —
515 1782 569 1814 En
592 1782 672 1825 quel
696 1793 799 1819 anno,
824 1783 881 1814 del
907 1793 1001 1815 mese
1026 1783 1069 1815 de
1094 1784 1303 1825 septembre,
1329 1783 1360 1815 el
1392 1784 1578 1827 magnifico
1603 1794 1716 1815 meser
1739 1784 1889 1816 Ubertin
1913 1783 2005 1815 ando

89 1836 131 1867 25
156 1836 319 1869 incontro
344 1837 412 1868 fina
436 1835 482 1868 ad
506 1836 637 1880 Oriago
661 1835 716 1867 ala
739 1846 837 1868 seror
860 1835 918 1867 del
951 1847 987 1868 re
1020 1846 1154 1878 covene
1179 1837 1223 1868 de
1248 1836 1380 1874 Sicilia,
1410 1837 1443 1868 13
1469 1837 1570 1879 quale
1604 1837 1672 1869 ello
1704 1837 1830 1868 receve
1862 1848 1882 1868 a
1912 1837 2007 1869 Pava

153 1889 456 1932 magnificamente
479 1896 513 1921 et
538 1899 604 1921 con
627 1890 763 1933 grande
788 1889 934 1927 honore,
958 1896 1002 1927 et,
1015 1890 1324 1922 honorevolmente
1349 1891 1409 1932 poi
1431 1890 1719 1933 accompagnada
1742 1901 1762 1922 a
1779 1890 1921 1928 Bassan,
1945 1902 2008 1932 per

154 1943 271 1986 quella
293 1944 349 1974 via
372 1942 542 1975 cavalchb
566 1943 603 1975 in
627 1942 831 1985 Alemagna.

245 2050 317 2082 192.
342 2050 420 2092 [88].
446 2070 487 2074 —
511 2050 566 2082 En
597 2050 677 2093 quel
709 2060 800 2082 anno
833 2056 866 2082 et
896 2061 1001 2088 mese,
1034 2051 1066 2082 el
1097 2050 1280 2093 magnifico
1312 2061 1425 2082 meser
1456 2050 1608 2083 Ubertin
1641 2051 1728 2083 have
1760 2062 1780 2082 a
1810 2061 1848 2082 so
1880 2051 2005 2082 salario

152 2113 266 2136 meser
290 2103 445 2136 Rainero
470 2104 514 2135 da
538 2104 644 2141 Foru,
660 2104 803 2146 egregio
827 2103 947 2136 dottor
971 2103 1014 2136 de
1034 2104 1124 2147 lege,
1147 2103 1179 2136 el
1204 2104 1283 2146 qual
1300 2115 1363 2145 per
1379 2115 1462 2136 ovra
1486 2110 1521 2136 et
1545 2115 1608 2146 per
1632 2105 1728 2135 fama
1744 2105 1876 2137 adorno
1900 2105 2006 2136 molto

88 2158 131 2189 30
155 2157 187 2189 81
213 2156 328 2188 studio
352 2157 396 2188 de
424 2156 528 2188 Pava.

248 2264 320 2295 193.
345 2263 424 2304 [89].
443 2282 475 2285 —
501 2262 617 2295 Meser
633 2263 733 2295 Piero
750 2264 833 2303 zen,
851 2262 971 2304 poeste
989 2264 1032 2295 de
1050 2262 1156 2300 Pava,
1174 2264 1218 2295 da
1235 2273 1348 2295 meser
1364 2263 1398 2294 lo
1416 2263 1501 2295 duse
1520 2269 1554 2294 et
1570 2262 1627 2294 dal
1643 2274 1767 2295 comun
1786 2263 1830 2294 de
1855 2262 2007 2296 Venesia

155 2317 192 2349 fo
216 2317 320 2349 eletto
345 2317 520 2357 capitanio
544 2323 666 2348 contra
690 2317 701 2347 1
725 2317 870 2348 Turchi.
916 2316 1020 2348 Unde
1047 2318 1089 2349 de
1121 2316 1190 2348 bon
1223 2316 1338 2358 piaser
1362 2316 1419 2348 del
1444 2317 1628 2359 magnifico
1653 2327 1767 2348 meser
1798 2316 1948 2348 Ubertin
1978 2318 2005 2349 si

153 2371 245 2402 aude>
269 2382 289 2402 3
314 2370 470 2408 Vinesia‚
493 2370 663 2413 siandoge
688 2370 793 2412 pereo
817 2370 1006 2402 reservado
1031 2371 1063 2401 el
1088 2379 1191 2401 nome
1215 2369 1308 2401 della
1331 2369 1530 2412 podestaria
1553 2370 1597 2401 de
1622 2369 1726 2401 Pava.

248 2477 320 2509 194.
347 2476 428 2517 [90].
453 2494 494 2499 —-
518 2477 560 2508 El
583 2477 772 2520 magnifico
795 2488 906 2509 meser
935 2477 1081 2510 Ubertin
1114 2478 1158 2508 da
1189 2477 1339 2509 Carrara
1363 2487 1465 2518 prese
1497 2488 1544 2508 un
1575 2477 1664 2508 male
1696 2477 1731 2508 in
1765 2477 1796 2508 la
1827 2488 1944 2519 verga,
1975 2477 2006 2508 el

90 2530 131 2562 35
156 2530 237 2573 qual
261 2530 349 2561 male
373 2530 595 2572 longamente
620 2530 652 2562 lo
677 2530 788 2562 havea
812 2531 1005 2563 molestado
1030 2537 1063 2563 et
1087 2530 1286 2562 molestava.
1330 2530 1397 2562 Per
1421 2529 1453 2561 la
1477 2530 1556 2572 qual
1580 2540 1672 2567 cosa,
1696 2531 1904 2562 sentandose
1923 2531 1962 2571 ςίι
1979 2530 2007 2561 51

151 2583 289 2622 debele,
314 2584 378 2615 che
402 2584 435 2614 18
461 2583 653 2615 manchava
676 2583 709 2614 la
727 2585 835 2625 forca,
854 2594 917 2625 per
934 2594 1017 2615 ovra
1035 2585 1079 2615 de
1096 2593 1211 2615 meser
1234 2583 1337 2615 Piero
1356 2584 1400 2615 da
1425 2581 1675 2626 Campagnola‚
1693 2594 1730 2615 so
1748 2584 1876 2615 vicario
1901 2594 2006 2626 gene-

155 2637 238 2675 rale,
263 2642 299 2668 et
321 2646 386 2678 per
409 2636 442 2668 lo
467 2636 608 2668 8005810
633 2637 690 2668 (181
715 2637 794 2679 qual
819 2637 886 2669 ello
911 2637 1089 2679 procedea
1114 2637 1218 2668 molto
1242 2637 1300 2668 nei
1326 2646 1363 2668 so
1389 2636 1477 2673 fatti,
1502 2636 1571 2668 ello
1598 2637 1686 2668 lasso
1712 2647 1824 2668 meser
1849 2636 2006 2668 Marsilio

156 2690 337 2731 Papafava
368 2690 412 2721 da
445 2690 593 2722 Carrara
617 2701 654 2722 so
679 2691 808 2722 herede
833 2697 868 2723 et
891 2700 1092 2722 successore
1116 2690 1151 2722 10
1178 2690 1209 2721 la
1233 2690 1390 2732 signoria
1413 2689 1458 2721 de
1482 2689 1590 2728 Pava,
1623 2690 1758 2722 benche
1791 2690 1858 2721 ello
1890 2700 1934 2721 no
1963 2700 2005 2731 ge

157 2744 250 2775 fosse
283 2749 456 2785 conconto
488 2744 533 2774 de
564 2743 718 2784 parenta.
766 2743 810 2775 Et
834 2744 916 2785 cosl,
941 2754 960 2775 a
984 2744 1018 2775 dl
1042 2743 1226 2785 vintisepte
1252 2743 1295 2775 de
1319 2753 1448 2784 marco,
1481 2744 1511 2775 el
1537 2744 1631 2775 dicto
1657 2743 1782 2775 mesier
1813 2742 2007 2774 Massilieto

93 2797 134 2827 40
158 2796 246 2827 have
272 2796 303 2827 la
324 2788 478 2839 signoria
504 2797 546 2827 de
572 2795 666 2827 Pava
690 2801 724 2827 et
749 2796 806 2828 del
831 2797 1012 2829 destretto.
1058 2796 1132 2834 Poi,
1156 2806 1175 2827 a
1199 2797 1232 2828 (11
1250 2796 1428 2827 vintinove
1454 2796 1510 2828 del
1535 2797 1623 2828 ditto
1648 2806 1752 2832 mese,
1768 2796 1799 2827 el
1825 2795 2007 2837 magnifico

158 2859 272 2879 meser
294 2848 446 2880 Ubertin
470 2850 570 2890 passo
597 2850 641 2880 de
665 2855 784 2890 questa
808 2850 888 2890 vita,
914 2850 947 2881 el
972 2850 1051 2891 qual
1076 2849 1109 2881 el
1134 2848 1169 2880 di
1194 2855 1362 2892 seguente
1387 2859 1455 2881 con
1479 2859 1565 2891 gran
1600 2858 1700 2889 spese
1725 2854 1759 2879 et
1783 2848 1877 2879 bello
1902 2858 2007 2889 appa-

157 2902 328 2934 riamento
352 2903 389 2934 fo
415 2912 481 2934 con
506 2903 639 2945 grande
664 2902 776 2934 honor
798 2902 994 2944 seppellido
1017 2903 1054 2934 in
1078 2903 1111 2933 la
1135 2902 1254 2944 ghiesa
1279 2901 1323 2933 de
1352 2902 1474 2934 Santto
1499 2902 1661 2944 Agostin.
1707 2900 1751 2932 Et
1775 2906 1897 2943 questo
1918 2901 1946 2932 si
1970 2901 2008 2933 fo

158 2966 179 2986 a
204 2955 239 2987 (11
264 2961 380 2988 trenta
403 2956 447 2987 de
472 2966 589 2997 marco
614 2956 659 2988 de
683 2955 777 2987 mille
801 2962 955 2989 tresento
979 2961 1146 2999 quaranta
1171 2956 1308 2998 cinque.
