2290 3449
300 225 375 259 220
652 222 823 258 GESTA
852 221 1157 257 MAGNIFICA
1186 221 1372 257 DOMUS
1401 221 1791 258 CARRARIENSIS

296 357 388 385 finem,
408 356 602 379 remissionem
627 356 655 378 et
675 356 788 386 pactum
816 355 849 378 de
875 353 999 385 amplius
1026 361 1084 377 non
1111 354 1234 385 petendo
1260 353 1354 377 dictos
1379 353 1522 378 denarios.
1558 352 1773 379 Renunciantes
1792 354 1956 386 exceptioni
1983 361 2041 378 non
2067 354 2140 385 date,
2176 364 2179 366 ·

295 401 400 428 habite,
426 399 541 428 tradite,
562 400 709 422 numerate
727 405 760 422 ac
779 400 891 430 recepte
912 398 968 421 sibi
988 397 1064 421 dicte
1084 398 1204 429 pecunie
1223 398 1350 430 tempore
1369 397 1511 429 presentis
1529 399 1696 422 contractus
1717 400 1744 422 et
1765 398 1876 423 auxilio
1896 405 1972 422 nove
1991 400 2018 422 et
2038 399 2142 423 veteris

295 444 521 469 constitucionis
541 443 575 467 de
593 443 704 467 duobus
724 443 768 466 vel
789 443 920 474 pl-uribus
940 442 996 466 reis
1016 442 1161 472 debendis,
1175 442 1216 466 ita
1229 442 1306 473 quod
1321 442 1445 472 quilibet
1461 443 1489 465 in
1504 441 1629 466 solidum
1643 445 1774 467 teneatur
1786 445 1814 467 et
1827 444 1906 467 omni
1922 443 2014 475 legum
2029 442 2142 466 auxillo

295 490 351 513 sibi
370 490 398 512 et
417 488 537 512 cullibet
556 489 684 519 ipsorum
704 488 873 519 competenti
894 488 921 510 et
940 488 1057 510 statutis
1078 487 1165 510 novis
1183 488 1211 510 et
1232 487 1374 510 veteribus
1396 486 1480 510 factis
1500 487 1527 510 et
1547 486 1677 516 facturis.
1697 494 1749 519 pro
1769 488 1870 519 quibus
1890 489 2007 519 possent
2026 495 2054 511 se
2068 488 2141 510 tueri

295 534 339 558 vel
361 534 571 560 contravenire,
590 534 618 555 et
639 533 716 556 omni
739 532 791 555 alii
810 539 862 555 suo
883 532 949 564 juri,
970 538 1021 562 pro
1042 538 1097 562 quo
1111 538 1179 555 vero
1192 531 1289 562 precio
1310 531 1365 554 sibi
1386 530 1455 555 dato
1476 532 1560 561 atque
1579 531 1675 555 soluto
1697 532 1813 556 nomine
1831 533 2017 556 vendicionis
2029 532 2064 555 ad
2078 538 2143 564 pro·
2173 529 2188 554 5

296 578 388 609 prium
408 578 436 601 et
454 578 515 609 jure
534 577 644 608 proprii
667 577 794 600 fecerunt
814 575 918 604 datam,
938 576 1105 605 cessionem,
1123 575 1316 599 tradicionem
1336 577 1421 606 atque
1439 575 1642 599 vendicionem
1661 575 1752 599 eidem
1772 576 1947 607 Albrico,ac
1962 578 2054 607 ipsum
2069 576 2146 599 inve-

294 622 439 645 stiverunt
458 621 493 645 ad
514 621 661 652 proprium
681 620 715 644 de
735 620 933 651 infrascriptis
953 620 1150 649 sediminibus,
1172 627 1233 643 cum
1254 619 1394 648 domibus,
1421 619 1506 643 terris
1525 621 1553 643 et
1575 620 1812 651 possessionibus,
1838 628 1901 644 cum
1926 620 2060 644 omnibus
2084 621 2145 644 suis

295 666 468 689 adiacenciis
481 667 510 689 et
523 665 721 696 pertinenciis,
758 664 790 688 In
810 665 920 697 primis,
941 663 974 687 de
995 671 1053 688 uno
1073 664 1213 688 sedimine
1232 672 1294 687 cum
1315 664 1400 688 domo
1421 663 1534 695 paleata
1554 664 1734 695 superposita
1754 665 1781 688 et
1800 672 1862 688 cum
1882 666 1974 695 vinea,
1994 665 2091 696 posito
2111 665 2141 687 in

296 710 367 733 villa
386 709 413 734 S.
433 710 500 739 Siri,
519 710 563 733 cui
584 709 698 733 coheret
718 709 752 732 ab
772 716 829 732 uno
849 709 942 741 capite
965 715 1063 732 versus
1088 716 1170 732 mane
1196 709 1244 732 via
1264 708 1387 740 publica.
1410 716 1459 739 per
1478 715 1562 739 quam
1588 708 1648 732 itur
1673 707 1708 732 ad
1735 708 1882 737 Molarias,
1909 710 1944 733 ab
1969 716 2027 733 uno
2053 709 2141 733 latere

296 761 392 778 versus
411 755 646 786 septentrionem,
666 753 702 777 ab
721 753 779 777 alio
799 753 893 784 capite
913 759 1011 776 versus
1030 760 1093 776 sero
1111 753 1175 785 jura
1194 752 1364 776 monasterii
1383 751 1410 783 S.
1425 752 1531 784 Angeli
1551 751 1586 775 de
1609 752 1753 782 Veneciis,
1772 753 1806 776 ab
1826 753 1886 776 alio
1905 753 1994 777 latere
2012 753 2139 777 sedimen
2175 750 2206 776 10

295 798 371 822 infra
390 798 518 829 proxime
537 798 685 829 scriptum.
721 797 800 826 Item,
820 797 854 821 de
874 804 931 821 uno
947 797 1085 821 sedimine
1105 805 1168 821 cum
1188 797 1276 821 domo
1291 799 1318 820 et
1332 796 1441 820 duobus
1458 796 1753 828 tegetibusipaleatis,
1772 796 1837 820 cumv
1854 798 1941 829 puteo
1959 799 1988 821 et
2007 797 2092 821 vinea
2111 797 2142 820 in

295 850 327 865 eo
346 842 459 875 positis,
479 843 509 866 in
530 850 584 873 quo
604 841 743 866 sedimine
761 841 873 865 habitat
893 841 1113 874 Compagninus
1128 841 1221 865 dictus
1237 841 1382 869 Rabiatus,
1394 841 1507 874 jacente
1522 842 1550 864 in
1566 840 1644 865 dicta
1658 841 1731 864 villa
1744 841 1821 864 ultra
1834 841 1992 872 predictum
2005 841 2140 872 sedimen,

295 887 341 910 cui
361 887 476 910 coheret
495 887 528 911 ab
548 894 607 910 uno
627 886 720 917 capite
747 893 844 909 versus
868 893 949 910 mane
975 887 1023 910 via
1049 886 1163 917 publica
1189 885 1329 918 predicta,
1354 886 1387 909 ab
1414 885 1474 909 alio
1500 885 1588 909 latere
1610 892 1705 909 versus
1732 886 1956 916 septentrionem
1983 886 2142 916 predictum

294 931 430 961 sedimen,
449 931 483 955 ab
503 932 562 955 alio
581 931 675 962 capite
692 931 755 963 jura
776 930 946 954 monasterii
965 930 1087 962 predicti
1107 932 1135 954 et
1155 931 1190 954 ab
1209 930 1268 954 alio
1283 930 1371 954 latere
1384 932 1448 963 J'ura
1469 930 1494 954 d.
1515 929 1630 961 Ricaldi
1651 929 1761 954 Crosne
1782 930 1896 954 iudicis.
1933 929 2012 958 Item,
2032 930 2064 964 de
2084 937 2142 954 uno

294 977 433 1000 sedimine
453 984 514 1000 cum
534 975 642 999 duabus
663 975 793 999 domibus
813 975 943 1006 paleatis,
963 975 993 998 in
1015 982 1071 998 una
1085 981 1205 1006 quarum
1221 974 1335 999 habitat
1354 975 1474 999 Iacobus
1493 982 1519 1006 q.
1539 974 1685 999 Guidonis
1705 982 1720 998 a
1739 974 1766 998 S.
1785 974 1911 1004 Palatio,
1927 975 1955 998 in
1970 974 2062 998 altera
2083 982 2152 998 vero
2183 971 2214 997 15

296 1021 487 1052 Augustinus,
507 1020 556 1052 qui
576 1021 683 1044 dicitur
701 1019 871 1051 Salvagnus,
892 1027 917 1051 q.
937 1019 1106 1051 UgucionIS,
1126 1020 1239 1052 jacente
1259 1019 1289 1043 in
1311 1019 1389 1043 dicta
1403 1019 1486 1047 villa,
1506 1020 1550 1043 cui
1573 1019 1687 1043 coheret
1707 1019 1742 1043 ab
1761 1026 1819 1043 uno
1839 1020 1933 1051 capite
1951 1020 2001 1043 via
2019 1019 2144 1051 publica,

295 1073 345 1096 per
362 1072 446 1097 quam
467 1066 524 1089 itur
544 1065 711 1096 Bagnolum,
730 1064 764 1088 ab
782 1064 841 1088 alio
862 1065 955 1095 capIte
975 1064 1101 1087 sedimen
1123 1064 1253 1095 proxime
1272 1064 1420 1096 scriptum,
1440 1064 1474 1088 ab
1493 1071 1552 1088 uno
1573 1064 1661 1088 latere
1675 1064 1701 1088 d.
1715 1063 1854 1097 Ricaldus
1868 1062 1980 1087 Crosna
1994 1063 2089 1092 iudex,
2109 1063 2143 1087 ab

295 1111 355 1134 alio
375 1110 462 1134 latere
480 1111 542 1142 jura
561 1109 728 1133 monasterii
748 1108 775 1132 S.
794 1108 903 1140 Angeli
923 1108 1057 1140 predicti.
1094 1108 1175 1138 Item,
1193 1109 1226 1132 de
1247 1115 1303 1132 una
1329 1110 1410 1140 pecia
1430 1110 1503 1132 terre
1524 1109 1611 1132 trium
1632 1115 1795 1141 camporum
1822 1109 1867 1132 vel
1886 1109 1972 1137 circa,
1993 1109 2090 1140 posita
2111 1109 2141 1132 in

295 1155 379 1184 dicta,
397 1154 470 1178 villa
488 1154 517 1177 in
539 1154 682 1183 contrata,
699 1160 753 1184 que
773 1153 880 1176 dicitur
899 1151 1080 1182 Fontanelle,
1099 1153 1179 1185 juxta
1194 1152 1271 1176 viam
1292 1152 1458 1185 predictam,
1474 1160 1522 1184 per
1541 1159 1624 1184 quarn
1646 1154 1704 1176 itur
1723 1152 1892 1184 Bagnolum,
1912 1152 1958 1176 cui
1978 1152 2092 1176 coheret
2111 1152 2146 1176 ab

297 1205 354 1222 uno
374 1198 469 1229 capite
488 1205 586 1221 versus
605 1197 832 1229 septentrionem
847 1197 925 1221 dicta
940 1197 994 1227 via,
1015 1196 1050 1220 ab
1070 1196 1131 1220 alio
1145 1203 1260 1228 pascua,
1280 1197 1313 1220 ab
1334 1204 1391 1220 uno
1405 1197 1494 1220 latere
1514 1197 1632 1228 quedam
1653 1198 1711 1225 via,
1731 1204 1781 1230 per
1800 1204 1882 1228 quam
1897 1197 1958 1220 itur
1971 1196 2006 1220 ad
2026 1196 2155 1228 predicta
2188 1193 2224 1220 20

296 1249 399 1274 pascua
418 1243 446 1266 et
465 1241 592 1273 paludes,
612 1243 639 1265 et
653 1241 688 1265 ab
702 1241 760 1265 alio
781 1241 869 1264 latere
889 1241 915 1265 d.
934 1241 1104 1265 Franciscus
1124 1242 1205 1271 pater
1220 1240 1344 1271 predicti
1363 1242 1512 1272 emptoris,
1549 1241 1629 1270 Item,
1649 1241 1683 1265 de
1702 1249 1758 1265 una
1772 1241 1849 1273 petia
1868 1243 1941 1265 terre
1961 1241 2080 1271 arative,
2093 1248 2147 1272 que

295 1287 439 1317 quondam
459 1287 609 1310 consuevit
628 1293 687 1309 esse
706 1286 832 1309 aratoria
852 1287 880 1308 et
899 1285 1055 1316 prataliva,
1076 1285 1150 1308 circa
1170 1286 1276 1316 septem
1296 1291 1412 1316 campos
1427 1287 1453 1309 et
1474 1285 1637 1313 dimidium,
1656 1286 1750 1317 posita
1771 1287 1800 1309 in
1821 1285 1950 1309 confinio
1971 1285 2045 1309 dicte
2064 1285 2144 1315 ville,

297 1331 327 1354 in
347 1331 428 1359 hora,
449 1338 502 1362 que
521 1331 629 1353 dicitur
648 1329 787 1359 Fontane,
809 1330 853 1352 cui
876 1329 990 1352 coheret
1010 1329 1043 1352 ab
1064 1336 1122 1352 uno
1142 1329 1236 1360 capite
1257 1336 1354 1352 versus
1374 1329 1524 1352 meridiem
1543 1331 1591 1353 via
1605 1330 1729 1361 publica,
1744 1337 1792 1361 per
1806 1337 1889 1361 quam
1903 1330 1962 1353 itur
1976 1329 2145 1361 Bagnolum,

296 1375 329 1398 ab
349 1375 408 1398 alio
428 1375 522 1406 capite
539 1375 602 1406 jura
621 1374 790 1397 monasterii
809 1373 933 1405 predicti
952 1372 978 1397 S.
999 1372 1105 1405 Angeli
1126 1375 1153 1396 et
1173 1373 1267 1398 dictus
1287 1375 1406 1404 emptor,
1428 1373 1464 1397 ab
1477 1380 1535 1397 uno
1555 1374 1643 1397 latere
1661 1374 1795 1398 Albricus
1815 1375 1927 1405 emptor
1945 1374 2099 1406 predictus,
2113 1374 2146 1398 ab

296 1419 356 1443 alio
376 1420 448 1443 idem
469 1419 603 1443 Albricus
624 1420 737 1449 emptor
757 1419 784 1442 et
803 1419 866 1451 Jura
886 1418 1057 1442 monasterii
1071 1417 1205 1449 predicti.
1239 1418 1319 1447 Item,
1333 1417 1367 1441 de
1385 1425 1442 1441 una
1455 1414 1533 1449 petia
1552 1420 1626 1442 terre
1646 1420 1778 1447 aratorie,
1793 1419 1934 1450 pratalive
1953 1420 1981 1443 et
1999 1418 2144 1450 paludlve,
2174 1416 2210 1442 25

296 1465 392 1495 posita
411 1465 441 1488 in
462 1463 588 1488 confinio
609 1463 685 1487 dicte
705 1463 784 1491 ville,
799 1464 829 1486 in
844 1464 986 1492 contrata,
1000 1470 1053 1493 que
1073 1463 1180 1486 dicitur
1192 1463 1325 1490 Arsaore,
1346 1463 1421 1486 circa
1441 1469 1603 1495 camporum
1623 1465 1728 1494 septem
1748 1464 1794 1487 vel
1808 1464 1895 1492 circa,
1914 1463 1960 1487 cui
1979 1463 2094 1487 coheret
2111 1463 2146 1487 ab

296 1516 354 1533 uno
373 1508 468 1540 capite
489 1508 537 1532 via
556 1508 681 1540 publica,
699 1515 749 1540 per
769 1515 852 1538 quam
873 1507 932 1531 itur
951 1507 986 1530 ad
1006 1506 1088 1536 Arre,
1109 1507 1144 1531 ab
1169 1514 1227 1531 uno
1253 1507 1341 1530 latere
1367 1508 1415 1530 via
1441 1507 1556 1538 publica
1583 1515 1597 1531 a
1624 1507 1780 1537 Ceresaria,
1805 1508 1838 1531 ab
1864 1508 1924 1531 alio
1950 1507 2038 1532 latere
2063 1509 2091 1531 et
2111 1508 2144 1532 ab

297 1553 356 1577 alio
376 1554 469 1584 capite
489 1553 514 1577 d.
534 1553 713 1582 Franciscus,
734 1553 814 1584 pater
829 1552 899 1576 dicti
915 1552 1063 1584 emptoris,
1078 1559 1109 1575 ea
1129 1559 1197 1575 vero
1217 1553 1331 1575 ratione
1344 1553 1372 1575 et
1391 1552 1515 1582 actione,
1535 1553 1566 1575 ut
1581 1560 1595 1576 a
1609 1552 1694 1575 modo
1709 1553 1803 1576 dietus
1816 1552 1952 1575 Albricus
1965 1553 1993 1575 et
2007 1553 2049 1575 sui
2068 1552 2146 1576 here-

297 1598 355 1625 des,
374 1598 424 1621 aut
446 1597 492 1621 cui
518 1597 629 1621 dederit
652 1597 697 1629 jus
723 1604 814 1625 suum,
842 1597 942 1621 debeat
967 1597 1045 1620 dicta
1070 1596 1224 1626 sedimina,
1249 1598 1338 1620 terras
1364 1597 1392 1620 et
1417 1596 1614 1628 possessiones
1640 1598 1813 1629 prescriptas
1838 1603 1900 1619 cum
1927 1596 2060 1620 omnibus
2087 1597 2145 1620 suis

295 1642 466 1666 adiecenti1s
486 1643 513 1665 et
533 1642 720 1672 pertinenciis
739 1642 801 1674 jure
821 1639 933 1673 proprii
954 1641 1065 1669 habere,
1085 1642 1183 1665 tenere
1201 1642 1229 1664 et
1249 1641 1397 1672 possidere
1417 1643 1445 1664 et
1465 1648 1576 1664 omnem
1597 1648 1674 1664 suam
1695 1641 1872 1665 voluntatem
1891 1642 1920 1664 et
1933 1640 2090 1665 utilitatem
2110 1648 2145 1664 ex
2174 1638 2211 1665 30

297 1688 339 1710 eis
358 1686 449 1710 facere
469 1686 529 1710 sine
548 1686 781 1710 contradictione
800 1687 827 1709 et
848 1686 1023 1717 repeticione
1042 1686 1171 1717 ipsorum
1192 1685 1374 1709 venditorum
1395 1686 1423 1709 et
1443 1692 1557 1709 suorum
1572 1686 1715 1714 heredum,
1733 1693 1796 1709 cum
1814 1685 1984 1714 accessione,
2004 1686 2145 1717 ingressu,

297 1732 423 1755 introitu
442 1733 469 1755 et
487 1731 576 1759 exitu,
597 1738 659 1754 cum
680 1730 876 1762 superioribus
897 1732 924 1754 et
943 1730 1134 1754 inferioribus
1154 1730 1223 1759 suis,
1243 1737 1305 1753 cum
1324 1730 1497 1760 stillicidiis,
1522 1737 1658 1761 aquarum
1679 1730 1820 1759 ductibus,
1840 1737 1902 1754 cum
1928 1730 2061 1754 omnibus
2079 1729 2147 1754 aliis

297 1776 356 1799 suis
375 1775 548 1799 adiecenciis
567 1776 594 1798 et
613 1774 804 1806 pertinenciis
824 1776 851 1798 et
871 1782 932 1798 cum
953 1775 1032 1798 omni
1052 1775 1122 1806 jure,
1142 1775 1268 1805 racione,
1289 1775 1407 1798 accione
1427 1775 1506 1806 reali,
1531 1774 1689 1806 personali,
1709 1774 1778 1798 utili
1797 1776 1825 1798 et
1849 1774 1958 1798 directa
1984 1775 2055 1806 ipsis
2073 1774 2145 1798 sedi-

299 1819 433 1848 minibus,
454 1820 537 1843 terris
554 1821 582 1843 et
601 1819 832 1851 possessionibus
858 1820 886 1843 et
913 1818 1088 1850 quibuslibet
1114 1819 1241 1850 ipsorum
1267 1818 1479 1850 pertinentibus
1499 1819 1544 1842 vel
1563 1827 1614 1850 pro
1641 1826 1673 1842 eo
1697 1820 1799 1842 contra
1822 1825 2011 1850 quoscumque
2035 1825 2147 1850 compe-

297 1863 434 1888 tentibus.
470 1863 606 1887 Dicentes
632 1865 659 1887 et
685 1865 842 1887 asserentes
869 1863 939 1887 dicti
967 1863 1132 1887 venditores
1157 1865 1186 1886 et
1212 1862 1334 1894 quilibet
1361 1864 1489 1894 ipsorum
1515 1864 1592 1887 dicta
1617 1863 1768 1893 sedimina,
1794 1864 1883 1887 terras
1902 1865 1929 1887 et
1949 1864 2146 1895 possessiones
2175 1860 2210 1888 35

299 1908 373 1932 nulli
394 1908 444 1932 alii
466 1908 527 1932 sore
546 1908 613 1932 data
632 1915 680 1932 seu
700 1908 789 1936 datas,
810 1908 950 1938 venditas,
972 1908 1103 1936 traditas,
1122 1908 1274 1937 alienatas,
1293 1907 1436 1940 obligatas
1457 1915 1504 1931 seu
1524 1908 1624 1939 aliquo
1639 1907 1723 1932 modo
1742 1907 1917 1932 obnoxiatas
1931 1907 1989 1931 nisi
2003 1907 2082 1931 dicto
2095 1907 2147 1931 Al-

297 1953 377 1977 brico
396 1960 448 1984 pro
467 1953 633 1984 supradicto
652 1954 759 1984 precio.
797 1951 881 1980 Quod
901 1953 926 1976 si
940 1954 1120 1985 reperiretur,
1140 1953 1335 1984 promiserunt
1349 1960 1399 1985 per
1413 1952 1636 1984 stipulacionem
1651 1952 1806 1976 solemnem
1820 1953 1914 1984 ipsum
1927 1952 2077 1976 Albricum
2090 1959 2146 1976 em-

298 1999 408 2028 ptorem
429 1998 456 2021 et
476 2004 541 2021 suos
555 1998 668 2021 heredes
683 1998 714 2020 in
730 1998 858 2026 liberam,
874 2004 990 2021 vacuam
1004 1999 1032 2021 et
1046 1998 1209 2029 expeditam
1224 1998 1433 2030 possessionem
1448 1997 1582 2021 inducere
1595 1998 1656 2030 jure
1671 1998 1783 2029 proprii
1799 1998 1857 2021 suis
1871 1998 1999 2029 propriis
2013 1996 2146 2029 expensis

297 2044 325 2065 et
344 2042 435 2074 ipsum
455 2042 605 2066 inductum
624 2043 654 2066 in
675 2043 883 2074 possessionem
903 2043 1086 2066 manutenere
1105 2044 1132 2066 et
1152 2042 1303 2066 defendere
1315 2042 1348 2066 ab
1362 2042 1443 2066 omni
1457 2049 1585 2073 persona,
1601 2042 1736 2074 collegio,
1751 2044 1779 2066 et
1793 2042 1983 2066 universitate
1996 2049 2058 2066 cum
2073 2041 2146 2066 obli-

297 2086 417 2117 gacione
435 2087 563 2110 omnium
584 2094 699 2111 suorum
718 2087 858 2110 bonorum
878 2087 1055 2118 presencium
1075 2088 1103 2111 et
1124 2087 1295 2111 futurorum.
1332 2086 1368 2111 Et
1387 2086 1411 2110 si
1431 2086 1508 2110 dicta
1523 2087 1665 2110 sedimina
1678 2089 1751 2110 terre
1765 2088 1792 2110 et
1812 2086 2006 2118 possessiones
2026 2093 2072 2110 seu
2091 2086 2146 2110 ali·
2177 2083 2212 2110 40

298 2138 350 2161 que
369 2131 493 2163 ipsarum
514 2131 578 2162 plus
597 2131 676 2155 dicto
697 2132 793 2164 precIO
814 2131 912 2155 valent
932 2131 976 2154 vel
997 2131 1058 2155 ullo
1079 2133 1205 2163 tempore
1225 2131 1378 2161 valuerint,
1398 2131 1543 2154 credentes
1561 2138 1595 2154 ex
1609 2132 1684 2155 certa
1698 2131 1821 2155 sciencia
1835 2130 1899 2163 plus
1913 2131 2017 2160 valere,
2031 2131 2147 2154 nomine

297 2182 376 2206 pure,
396 2182 470 2199 mere
489 2177 516 2199 et
535 2176 734 2200 irrevocabilis
754 2176 936 2204 donacionis,
955 2183 1007 2206 que
1022 2175 1130 2200 dicitur
1143 2175 1220 2200 inter
1232 2176 1329 2204 vivos,
1343 2174 1433 2199 eidem
1453 2176 1577 2208 emptori
1591 2176 1740 2206 dederunt,
1756 2177 1933 2204 remiserunt,
1946 2177 2148 2199 concesseruut

297 2221 325 2243 et
344 2219 531 2251 donaverunt,
553 2228 606 2251 que
626 2220 750 2244 donacio
770 2220 877 2244 dicitur
898 2221 974 2244 inter
994 2221 1077 2245 vivos
1097 2222 1125 2244 et
1143 2228 1196 2252 que
1215 2220 1345 2245 revocari
1366 2228 1422 2244 non
1443 2221 1544 2253 possit,
1565 2220 1675 2244 irritari
1695 2227 1742 2244 seu
1768 2221 1910 2253 corrumpi
1937 2219 2035 2251 aliqua
2054 2220 2148 2251 ingra-

299 2264 426 2288 titudine
445 2264 489 2288 vel
509 2265 624 2295 offensa,
643 2272 746 2296 magna
772 2264 816 2288 vel
843 2272 938 2296 parva.
976 2264 1174 2289 Promiserunt
1198 2271 1310 2296 quoque
1337 2271 1385 2296 per
1410 2265 1633 2296 stipulacionem
1660 2265 1813 2288 solemnem
1840 2265 1910 2288 dicti
1931 2265 2096 2288 venditores
2118 2265 2146 2288 et

300 2308 421 2339 quilibet
440 2310 566 2341 ipsorum
587 2309 729 2340 obligavit
750 2316 778 2333 se
798 2310 847 2337 ita,
867 2309 942 2340 quod
963 2309 1087 2340 quilibet
1107 2310 1136 2333 in
1157 2309 1282 2333 solidum
1301 2311 1431 2333 teneatur
1451 2309 1527 2333 dicta
1541 2309 1690 2338 sedimina,
1704 2309 1795 2333 dictas
1809 2310 1898 2333 terras
1912 2310 1939 2332 et
1953 2309 2145 2340 possessiones
2176 2306 2209 2332 45

299 2360 360 2376 curn
375 2354 508 2377 omnibus
527 2355 586 2377 suis
600 2354 773 2378 adiecenciis
793 2356 820 2377 et
842 2353 1031 2385 pertinenciis
1050 2355 1111 2386 jure
1131 2353 1244 2385 proprii
1264 2354 1353 2377 eidem
1373 2355 1495 2385 emptori
1516 2356 1544 2377 et
1558 2355 1617 2377 suis
1631 2354 1780 2378 heredibus
1794 2355 1973 2385 guarentare,
1986 2353 2146 2382 defendere,

298 2400 487 2429 manutenere,
507 2400 686 2432 auctorieare
699 2400 727 2422 et
741 2399 875 2430 expedire
895 2399 929 2423 ab
950 2399 1028 2422 omni
1043 2398 1161 2422 homine
1175 2400 1202 2422 et
1221 2405 1342 2430 persona
1357 2406 1419 2422 cum
1434 2399 1560 2428 melone,
1573 2398 1725 2422 secundum
1740 2398 1816 2429 quod
1831 2405 1882 2429 pro
1896 2400 2023 2430 tempore
2037 2398 2146 2422 suerint

302 2443 447 2466 meliorata
467 2445 515 2467 aut
536 2443 600 2474 plus
619 2443 774 2474 valuerint,
795 2444 846 2467 sub
865 2444 1053 2467 estimatione
1071 2443 1214 2467 bonorum
1234 2443 1383 2467 hominum
1405 2444 1434 2466 ln
1455 2443 1604 2466 consimili
1623 2443 1697 2471 loco,
1718 2443 1767 2467 sub
1791 2449 1864 2474 pena
1889 2443 1972 2475 dupli
1996 2443 2095 2467 damni
2118 2445 2145 2466 et

299 2488 436 2511 interesse
456 2489 515 2511 suis
534 2488 660 2519 propriis
682 2488 824 2520 expensis.
863 2488 898 2512 Et
913 2488 1060 2515 dederunt,
1074 2490 1228 2516 cesserunt,
1248 2487 1429 2512 tradiderunt
1443 2489 1527 2518 atque
1542 2488 1749 2511 mandaverunt
1763 2487 1853 2511 eidem
1867 2487 1991 2519 emptori
2005 2495 2088 2511 omne
2100 2488 2145 2520 jus

299 2539 450 2563 omnesque
469 2533 601 2556 raciones
620 2534 647 2556 et
668 2534 800 2556 acciones
821 2533 909 2556 reales
929 2534 956 2556 et
976 2533 1150 2563 personales,
1170 2532 1256 2556 utiles
1275 2534 1302 2556 et
1322 2532 1455 2562 directas,
1474 2533 1576 2556 tacitas
1596 2533 1624 2556 et
1642 2539 1798 2563 expressas,
1812 2532 1887 2563 quod
1900 2534 1928 2556 et
1941 2539 2009 2563 quas
2022 2531 2145 2565 predicti
2176 2530 2211 2556 50

301 2576 467 2600 venditores
486 2578 514 2600 et
533 2578 650 2608 uterque
670 2578 796 2609 ipsorum
818 2577 959 2600 habebant
979 2584 1026 2600 seu
1046 2577 1148 2601 habere
1167 2576 1339 2600 videbantur
1358 2578 1385 2599 et
1405 2576 1506 2600 habere
1533 2578 1650 2608 possent
1675 2577 1705 2600 in
1732 2576 1819 2600 dictis
1838 2576 2035 2604 sediminibus.
2061 2577 2146 2600 terris

300 2623 328 2645 et
349 2622 585 2652 possessionibus,
606 2623 815 2646 constituentes
835 2623 927 2653 ipsum
948 2623 1162 2653 procuratorem
1182 2623 1212 2645 ut
1233 2621 1262 2645 in
1285 2628 1341 2645 rem
1360 2628 1448 2645 suam.
1473 2622 1509 2644 Et
1523 2622 1547 2645 si
1563 2621 1659 2653 aliqua
1673 2629 1769 2645 caussa
1783 2622 1874 2646 eidem
1888 2621 2013 2653 emptori
2026 2621 2070 2645 vel
2085 2621 2145 2645 eius

300 2666 450 2690 heredibus
468 2668 628 2690 moveretur
647 2667 681 2690 de
701 2667 787 2690 dictis
807 2667 1007 2696 sediminibus,
1027 2668 1111 2690 terris
1131 2668 1158 2691 et
1173 2666 1400 2698 possessionibus
1420 2667 1533 2697 questio
1555 2666 1598 2689 vel
1618 2666 1708 2690 alicui
1728 2674 1761 2690 ex
1781 2667 1822 2690 eis
1841 2667 1869 2690 et
1888 2666 1924 2690 ob
1943 2666 1996 2690 hoc
2011 2666 2144 2690 damnum

301 2711 417 2742 aliquod
439 2711 483 2734 vel
503 2718 641 2742 expensas
662 2712 826 2741 incurreret,
849 2713 905 2735 tam
927 2712 949 2735 si
971 2712 1139 2739 obtinuerit,
1159 2718 1242 2743 quam
1262 2712 1285 2734 si
1301 2710 1481 2734 succubuerit
1502 2711 1530 2733 in
1551 2718 1643 2740 causa,
1662 2713 1690 2734 et
1709 2718 1808 2734 omnes
1831 2717 1970 2742 expensas
1994 2712 2022 2734 et
2046 2710 2145 2734 omnia

300 2756 402 2778 damna
422 2755 538 2778 reddere
556 2756 584 2779 et
604 2755 712 2779 reficere
732 2756 934 2787 promiserunt,
957 2755 1149 2787 stipulacione
1170 2756 1301 2784 solemni,
1320 2754 1460 2778 credendo
1481 2755 1514 2778 de
1533 2756 1694 2786 quantitate
1714 2755 1810 2779 damni
1830 2756 1858 2779 et
1877 2761 2063 2786 expensarum
2085 2754 2145 2778 soli
2175 2752 2209 2778 55

302 2800 428 2830 simplici
450 2799 536 2823 verbo
556 2799 625 2823 dicti
646 2800 783 2831 emptoris
803 2807 974 2831 suorumque
992 2800 1135 2829 heredum,
1154 2801 1215 2823 sine
1235 2801 1410 2823 sacramento
1430 2801 1457 2822 ct
1477 2798 1535 2822 alia
1549 2799 1730 2831 probacione,
1744 2806 1806 2823 cnm
1820 2799 2003 2831 obligacione
2016 2800 2144 2822 omnium

301 2851 415 2866 suorum
436 2844 585 2872 bonorum,
606 2851 633 2867 se
653 2851 705 2876 pro
720 2851 753 2868 eo
768 2845 981 2868 constituerunt
1001 2844 1154 2876 possidere.
1190 2843 1298 2867 Dantes
1313 2845 1339 2867 et
1353 2842 1541 2867 concedentes
1560 2844 1650 2867 eidem
1673 2845 1794 2875 emptori
1816 2843 1966 2867 licenciam
1979 2845 2008 2867 et
2026 2843 2144 2875 parabo-

301 2887 366 2916 lam,
386 2889 413 2911 ui
436 2894 485 2911 sua
507 2889 679 2912 auctoritate
701 2889 788 2912 intret
806 2889 935 2911 tenutam
955 2890 981 2912 et
1002 2888 1178 2920 corporalem
1199 2888 1405 2918 possessionem
1420 2888 1515 2920 capiat
1536 2888 1677 2911 dictorum
1692 2888 1872 2916 sediminum,
1886 2889 2022 2911 terrarum
2042 2889 2070 2911 et
2084 2894 2145 2919 pos-

301 2931 470 2961 sessionum,
497 2932 707 2956 constituentes
735 2939 762 2956 se
782 2939 832 2965 pro
852 2939 886 2956 co
912 2934 1040 2965 precario
1066 2933 1219 2965 possidere,
1245 2932 1335 2955 donec
1361 2931 1539 2963 corporalem
1565 2934 1773 2963 possessionem
1801 2933 1964 2956 intraverit.
2000 2932 2144 2956 Dixerunt

303 2982 412 3006 quoquc
433 2975 504 2999 dicti
522 2975 620 3000 Petrus
641 2978 667 3000 et
688 2976 875 3004 l‘roffliasius,
897 2976 1070 3006 venditores,
1090 2978 1117 3001 et
1137 2977 1252 3007 uterque
1272 2983 1368 3000 corum
1388 2983 1416 3000 sc
1431 2975 1531 3000 habere
1552 2983 1642 3000 annos
1665 2978 1769 3009 viginti
1785 2978 1812 3001 et
1828 2977 1953 3000 fecerunt
1972 2978 1999 3001 et
2021 2982 2143 3000 asserue·
2174 2973 2209 3000 60
