2290 3449
343 220 419 255 250
697 219 867 255 GESTA
897 221 1202 257 MAGNIFICA
1230 221 1416 256 DOMUS
1446 221 1836 261 CARRARIENSIS

341 352 395 383 “il
423 358 537 384 vostro
563 352 715 391 conseio‚
739 352 882 385 assaltar
905 353 917 384 i
941 353 1127 395 Trivisani,
1154 359 1187 385 et
1210 354 1318 395 pereo
1341 352 1366 384 si
1390 363 1433 384 ve
1457 354 1645 395 aparechia
1670 355 1705 386 di
1729 355 1921 388 chavalieri
1945 362 1979 389 et
2002 357 2038 388 di
2055 358 2184 400 pedoni

342 407 355 422 ‘⁶
372 407 416 438 da
439 405 545 443 Pava,
562 406 695 447 acoche
717 406 775 438 nui
799 407 811 438 i
834 417 995 448 possamo
1019 408 1138 439 visitar
1163 408 1221 449 pisi
1238 407 1540 449 magnificamente
1554 431 1584 445 „.
1615 407 1668 439 La
1684 409 1765 450 qual
1781 409 1891 441 letera
1908 410 1944 441 fo
1960 411 2068 443 molto
2086 418 2185 453 grata

338 470 358 490 a
374 469 484 491 meser
508 459 675 497 Marsilio,
699 460 829 501 perche
854 460 922 492 ello
946 461 1059 492 havea
1083 461 1120 492 in
1137 461 1270 503 grande
1288 460 1368 492 odio
1394 461 1560 502 Guecceli
1579 460 1767 503 Advogaro
1789 462 1832 493 de
1850 462 1997 495 Triviso.
2043 465 2087 496 Et
2111 465 2183 497 cosi

337 513 492 555 segondo
517 513 549 544 el
574 523 611 544 so
635 514 767 545 scriver
789 524 900 545 meser
916 514 990 546 Can
1015 524 1126 545 venne
1143 525 1162 545 a
1179 514 1285 551 Pava,
1302 514 1395 545 della
1413 514 1515 555 quale
1531 514 1599 545 ello
1616 524 1652 545 se
1669 514 1758 556 parti
1775 515 1834 557 poi
1850 516 1883 547 el
1899 515 1934 547 di
1951 523 2074 558 quarto
2092 518 2182 550 drio.

337 565 378 597 El
396 566 431 598 di
448 566 568 608 quinto
586 565 690 598 mette
709 576 831 608 campo
848 567 986 599 intorno
1004 567 1142 599 Triviso
1161 577 1225 599 con
1243 566 1395 599 exercito
1413 566 1555 608 copioso
1581 568 1625 598 da
1642 567 1791 604 Verona,
1809 568 1854 599 da
1870 568 1974 606 pava,
1991 569 2035 601 da
2054 570 2183 611 Vicen-
2227 573 2245 605 5

339 630 390 661 ca,
416 620 460 651 da
483 619 599 650 Feltre
624 626 659 651 et
684 620 728 651 da
751 619 901 658 Cividal,
927 630 994 651 con
1018 619 1031 650 i
1056 620 1165 652 nobili
1191 621 1235 651 da
1258 619 1420 658 Casteuo,
1443 630 1510 651 eon
1534 619 1689 660 Ricardo
1706 619 1751 651 da
1769 620 1905 659 Camin‚
1922 622 2014 654 coni
2031 622 2183 654 Brexani

335 672 438 704 insidi
462 678 496 704 et
520 682 587 705 con
611 673 748 704 soldadi
772 672 816 704 de
842 673 981 705 diverse
998 673 1135 711 naci0n‚
1152 673 1208 705 del
1227 673 1306 715 qual
1323 667 1475 704 exercito
1499 673 1568 704 ello
1585 672 1688 705 statui
1706 673 1881 715 capitanio
1897 684 2008 706 meser
2024 676 2181 708 Marsilio

337 728 382 758 da
405 726 566 765 Carrara,
590 733 737 768 excepto
756 728 819 759 che
837 727 905 759 ello
922 738 1072 769 propose
1096 738 1209 759 meser
1226 727 1390 759 Balardin
1414 727 1458 758 da
1485 727 1676 769 Nogarolo,
1699 727 1844 769 podest&
1862 729 1905 760 de
1932 729 2097 770 Vicen9a‚
2115 730 2183 761 alla

336 785 442 823 gente
459 781 503 812 da
520 781 685 823 Vicenca.
711 781 756 813 Et
769 781 837 813 cosi
851 781 919 823 poi,
932 792 951 812 a
965 782 1001 813 dl
1020 791 1113 812 xvm
1127 781 1184 812 del
1197 792 1289 812 mese
1304 780 1347 812 de
1362 770 1441 818 luio,
1454 791 1563 811 meser
1577 781 1650 813 Can
1667 781 1754 812 have
1768 781 1802 812 la
1814 781 1964 824 signoria
1979 782 2021 813 de
2032 783 2182 815 Triviso.

430 878 500 911 120.
530 878 634 919 [12Ο].
662 897 699 902 —
726 879 856 911 Siando
882 879 1018 910 intrado
1036 888 1147 909 meser
1171 879 1245 910 Can
1263 879 1298 909 in
1316 878 1467 917 Triviso,
1484 878 1552 909 ello
1569 878 1600 909 el
1618 888 1718 919 prese
1736 889 1804 909 una
1820 878 1933 910 subita
1949 878 2057 918 fevre,
2075 880 2179 917 unde,
2207 881 2246 912 10

339 933 489 972 casando
514 933 668 964 enfermo
693 931 728 963 in
753 933 786 962 la
810 931 930 974 ghiesa
954 931 1168 969 cathedrale,
1193 932 1261 963 ello
1285 942 1322 963 se
1346 932 1392 963 fe'
1417 931 1570 963 chiamar
1587 931 1597 962 i
1614 931 1721 963 nobili
1746 931 1875 963 homini
1892 942 2005 963 meser
2027 932 2183 964 Marsilio

338 985 382 1016 da
404 985 552 1016 Carrara
575 990 609 1016 et
632 984 810 1016 Ballardin
836 984 869 1015 di
896 984 1074 1025 Nugaroli,
1099 984 1131 1016 ai
1155 985 1248 1026 quali
1274 985 1341 1016 ello
1366 984 1464 1026 parlo
1490 984 1524 1015 in
1550 990 1670 1026 questa
1687 984 1817 1016 forma:
1848 986 1862 1001 “
1877 984 1948 1016 Nui
1965 984 2103 1017 volemo
2119 985 2181 1017 Al-

343 1041 357 1055 “
372 1038 472 1070 berto
496 1045 529 1070 et
552 1038 694 1076 Mastin‚
719 1037 826 1069 nostri
852 1038 993 1075 nevodi,
1010 1047 1102 1069 esser
1119 1038 1227 1070 nostri
1246 1038 1369 1069 heredi
1386 1044 1420 1069 et
1436 1037 1640 1078 successori,
1658 1044 1692 1069 et
1709 1038 1780 1070 cosi
1799 1049 1840 1069 ve
1857 1038 1867 1069 i
1884 1039 2182 1070 raccomandemo.

340 1091 354 1107 ‘⁶
370 1092 415 1123 Et
438 1102 501 1133 per
524 1091 642 1123 simele
666 1091 677 1121 i
702 1090 808 1122 nostri
834 1090 902 1122 fioli
926 1091 1075 1122 naturali
1091 1113 1120 1131 „.
1162 1091 1206 1122 Et
1223 1091 1299 1122 drio
1323 1096 1443 1133 queste
1460 1090 1579 1132 parole
1603 1101 1648 1122 no
1664 1101 1770 1132 senca
1794 1091 1938 1134 lagrime
1957 1092 2060 1123 laudo
2075 1091 2182 1124 molto

336 1155 447 1176 meser
472 1144 628 1176 Marsilio
653 1144 696 1175 de
721 1143 817 1175 lialta
842 1150 875 1174 et
900 1144 1094 1181 valentisia,
1118 1149 1151 1175 et
1176 1144 1284 1175 allora
1309 1144 1355 1175 fe’
1387 1149 1512 1176 metter
1535 1144 1569 1175 in
1594 1144 1625 1176 le
1651 1154 1708 1175 soe
1740 1156 1819 1177 man
1850 1145 1883 1176 la
1916 1155 1976 1176 soa
2007 1145 2178 1177 bandiera
2204 1144 2242 1177 15

337 1198 544 1239 principale,
569 1203 603 1230 et
626 1197 654 1229 si
678 1197 711 1228 ie
727 1197 826 1238 ρει-10
851 1196 940 1228 cosi:
971 1196 1035 1228 “Io
1060 1197 1151 1235 voio,
1175 1208 1285 1228 meser
1307 1197 1475 1235 Marsssio,
1501 1198 1564 1229 che
1582 1198 1639 1229 vui
1658 1198 1756 1241 tigna
1773 1197 1997 1230 liberamente
2014 1197 2110 1230 Pava
2127 1198 2181 1230 001

343 1253 356 1267 “
372 1261 408 1283 so
434 1251 608 1283 destrecto
623 1273 653 1289 „.
676 1250 728 1282 La
752 1250 830 1293 qual
857 1260 936 1282 cosa
962 1259 1073 1281 meser
1096 1249 1253 1281 Μαι-51110
1278 1250 1401 1282 recuso
1426 1260 1493 1283 con
1517 1251 1650 1293 grande
1674 1252 1863 1283 instancia:
1888 1262 1944 1283 ma
1960 1262 2026 1293 pur
2041 1252 2110 1282 al'a
2125 1253 2181 1290 fin,

336 1304 498 1336 temando
522 1304 588 1336 che
613 1303 760 1335 l'anemo
785 1304 829 1336 de
854 1313 966 1334 meser
989 1303 1063 1335 Can
1088 1303 1246 1335 enfermo
1269 1314 1333 1345 per
1357 1310 1478 1345 questo
1510 1304 1580 1336 cosi
1604 1304 1693 1336 fatto
1722 1315 1861 1336 recusar
1884 1316 1929 1336 no
1953 1316 1989 1336 se
2014 1305 2180 1343 turbasse,

337 1357 404 1388 ello
428 1356 576 1399 accepto
600 1357 631 1388 el
656 1357 810 1389 dominio
833 1357 877 1388 de
902 1356 1007 1388 Pava.
1054 1356 1216 1389 Mettude
1247 1356 1407 1388 adoncha
1433 1357 1463 1388 le
1487 1368 1567 1389 cose
1592 1358 1626 1389 in
1651 1368 1746 1399 pase,
1770 1369 1882 1390 meser
1904 1358 1978 1390 Can
2003 1358 2105 1400 passo
2138 1359 2181 1390 de

336 1416 458 1453 questa
481 1411 552 1442 vita
577 1410 607 1441 el
633 1409 667 1442 dl
691 1416 801 1451 terco,
825 1409 869 1441 da
893 1409 951 1451 po'
976 1409 1104 1442 ch'ello
1128 1409 1282 1441 s’amalo.
1317 1410 1363 1441 Et
1385 1406 1471 1441 fo'le
1487 1410 1638 1452 preditte
1657 1421 1738 1443 cose
1758 1411 1793 1442 in
1816 1411 1911 1442 mille
1927 1416 2080 1444 tresento
2096 1422 2180 1443 ven-
2205 1412 2247 1445 20

335 1464 465 1502 tinove‚
489 1475 509 1495 a
536 1462 571 1496 di
596 1463 733 1495 vintidu
758 1462 803 1494 de
829 1462 910 1502 luio,
933 1473 953 1494 a
972 1463 1059 1494 hora
1082 1468 1190 1495 sexta.

424 1562 498 1593 121.
526 1561 633 1602 [12l].
652 1579 692 1584 —
710 1561 826 1593 Morto
842 1571 956 1594 meser
972 1560 1057 1602 Can,
1074 1571 1187 1593 meser
1203 1561 1360 1593 Marsilio
1378 1562 1422 1593 da
1440 1562 1587 1594 Carrara
1600 1573 1712 1594 venne
1728 1572 1747 1594 a
1764 1561 1868 1599 Pava,
1887 1567 1931 1603 et,
1949 1562 2036 1593 satta
2052 1561 2183 1593 noticia

330 1615 366 1646 in
390 1615 423 1647 lo
448 1615 589 1647 conseio
614 1615 670 1646 del
695 1625 821 1647 comun
846 1616 889 1646 de
914 1615 1009 1647 Pava
1034 1615 1127 1646 della
1150 1620 1259 1646 morte
1285 1615 1342 1647 del
1361 1615 1448 1647 ditto
1471 1625 1583 1647 meser
1606 1615 1692 1652 Can,
1717 1615 1785 1647 ello
1809 1615 1896 1646 tolse
1913 1614 1946 1645 la
1962 1614 2114 1657 signoria
2137 1615 2181 1646 de

337 1668 431 1700 Pava
456 1678 519 1710 per
543 1678 645 1700 nome
670 1669 714 1700 de
741 1679 853 1700 meser
878 1667 1026 1700 Alberto
1052 1675 1086 1699 et
1108 1668 1239 1700 Mastin
1265 1668 1358 1700 dalla
1390 1668 1505 1705 Scala,
1530 1674 1563 1700 et
1589 1668 1702 1700 l'altro
1726 1668 1760 1701 di
1784 1668 1842 1710 poi
1867 1669 1943 1700 tutti
1973 1669 1984 1699 i
2016 1667 2124 1700 nobili
2147 1673 2181 1699 et

334 1722 346 1753 i
369 1722 448 1754 altri
473 1722 630 1754 cittadini
658 1723 702 1755 'de
727 1722 823 1754 Pava
848 1728 880 1754 et
904 1721 985 1754 tutti
1011 1721 1019 1751 i
1045 1721 1217 1753 forastieri
1242 1722 1326 1762 curo
1350 1722 1383 1753 in
1409 1733 1487 1754 man
1514 1723 1557 1754 de
1582 1733 1694 1754 meser
1717 1721 1886 1758 Mamilio,
1902 1721 2099 1753 recevando
2116 1731 2179 1762 per
2202 1722 2242 1752 25

333 1785 434 1807 nome
459 1775 494 1806 di
518 1775 596 1807 ditti
621 1775 752 1818 signori
775 1776 807 1807 el
831 1776 933 1808 stado
957 1781 991 1807 et
1015 1776 1049 1807 10
1073 1776 1204 1808 honore
1229 1775 1271 1807 de
1295 1785 1407 1807 meser
1431 1775 1578 1808 Alberto
1602 1782 1635 1807 et
1651 1775 1779 1808 Mastin
1796 1774 1876 1806 dala
1894 1774 2007 1806 Scala.
2047 1774 2132 1806 Drio
2149 1774 2181 1806 le

334 1830 415 1871 qual
440 1839 521 1861 cose
545 1830 556 1861 i
580 1830 724 1870 preditti
749 1839 860 1861 meser
884 1828 1030 1861 Alberto
1055 1835 1090 1861 et
1113 1828 1242 1861 Mastin
1265 1828 1366 1861 statui
1391 1840 1502 1861 meser
1527 1829 1684 1862 Marsilio
1708 1828 1852 1871 podesta
1873 1829 1916 1860 de
1933 1828 2102 1869 Vicenca.
2136 1827 2178 1860 El

333 1883 415 1924 qual
438 1892 552 1914 meser
574 1882 735 1915 Marsilio
761 1893 820 1914 era
845 1883 885 1925 921
909 1884 953 1914 de
977 1882 1002 1913 si
1026 1893 1112 1925 gran
1137 1884 1247 1919 stado,
1271 1882 1335 1914 che
1359 1892 1422 1925 per
1447 1893 1592 1914 comuna
1618 1891 1701 1914 vose
1726 1882 1771 1914 de
1795 1882 1874 1914 tutti
1900 1883 1931 1912 el
1956 1882 2075 1924 vignia
2092 1882 2180 1913 ditto

333 1946 380 1967 un
405 1936 493 1967 altro
517 1935 656 1979 signore
681 1936 775 1968 della
798 1936 950 1968 Marcha
972 1936 1166 1968 Trivisana.

424 2035 496 2064 122.
522 2033 623 2075 [122].
648 2052 688 2056 -
713 2033 751 2064 In
777 2033 871 2065 mille
895 2039 1048 2065 tresento
1073 2039 1196 2072 trenta,
1220 2044 1241 2064 a
1257 2031 1291 2064 di
1308 2042 1335 2064 11
1354 2033 1389 2064 di
1414 2033 1622 2075 septembre,
1646 2042 1759 2064 meser
1783 2032 1911 2064 Mastin
1929 2042 1995 2064 con
2020 2031 2175 2064 exercito
2199 2032 2241 2063 30

334 2087 477 2128 copioso
501 2097 584 2128 pose
609 2097 734 2130 campo
757 2088 896 2119 intorno
920 2098 939 2118 a
965 2086 1088 2128 Brexa,
1113 2087 1171 2119 del
1195 2087 1275 2129 qual
1301 2096 1423 2128 campo
1449 2086 1624 2128 capitanio
1649 2096 1761 2117 meser
1783 2085 1942 2117 Marsilio
1966 2085 2010 2116 da
2027 2085 2177 2117 Carrara

333 2141 367 2172 in
393 2140 509 2173 brieve
535 2146 652 2182 tempo
676 2140 833 2183 acquistb
858 2140 938 2172 tutti
963 2141 972 2171 i
998 2140 1131 2172 castelli
1155 2146 1189 2172 et
1214 2140 1247 2172 le
1270 2140 1404 2181 fortece
1428 2140 1471 2171 de
1494 2140 1594 2171 fuora
1619 2139 1676 2171 dai
1701 2139 1788 2170 muri
1813 2138 1905 2170 della
1929 2139 2015 2170 ditta
2039 2138 2116 2170 cita.

424 2238 494 2269 123.
521 2237 622 2278 [1231.
648 2255 687 2260 —
712 2237 829 2269 Morto
852 2237 887 2269 lo
912 2237 1054 2280 egregio
1079 2237 1276 2269 chavaliero
1300 2246 1412 2268 meser
1435 2235 1519 2267 Tiso
1543 2236 1588 2267 da
1618 2236 1751 2277 Campo
1784 2235 1855 2267 San
1880 2235 1990 2273 Piero,
2014 2235 2175 2278 cognado

332 2292 376 2324 de
400 2301 513 2322 meser
536 2290 694 2323 Marsilio
719 2291 763 2322 da
788 2291 948 2331 Carrara,
973 2289 1122 2322 madona
1145 2289 1278 2332 Conica
1303 2290 1349 2322 da
1372 2288 1532 2326 Carrara,
1556 2289 1665 2321 moier
1697 2288 1755 2320 del
1779 2289 1865 2320 ditto
1888 2298 2002 2320 meser
2027 2288 2112 2320 Tiso
2143 2294 2177 2320 et

333 2355 430 2377 soror
444 2344 478 2375 al
494 2344 688 2385 prescripto
705 2355 816 2376 meser
832 2343 1000 2382 Mamilio,
1017 2344 1340 2375 deshonestamente
1357 2342 1434 2373 ama
1450 2352 1497 2373 un
1514 2341 1725 2379 chavaliero,
1743 2341 1926 2374 chiamado
1939 2351 2051 2372 meser
2065 2340 2176 2372 Hemo
2199 2341 2240 2372 33

333 2398 375 2429 de
402 2398 597 2440 Borgogna,
619 2397 648 2428 la
675 2398 884 2429 deshonesta
909 2397 944 2429 di
969 2397 1064 2439 quali
1088 2396 1210 2428 siando
1236 2397 1452 2437 descoverta,
1478 2395 1521 2426 de
1546 2397 1837 2427 comandamento
1861 2394 1919 2426 del
1941 2393 2030 2426 ditto
2060 2403 2173 2425 meser

334 2450 492 2482 Marsilio
517 2450 549 2482 el
574 2450 654 2483 fiolo
679 2450 773 2483 della
797 2451 882 2483 ditta
905 2451 1056 2482 madona
1088 2450 1231 2491 Conica,
1263 2448 1421 2481 etiandio
1445 2448 1627 2480 chiamado
1650 2449 1745 2486 Tiso,
1770 2448 1815 2480 fe’
1838 2448 1944 2479 morir
1966 2447 1999 2478 la
2021 2447 2175 2489 preditta

333 2514 392 2536 soa
416 2514 521 2536 mare.
570 2504 615 2535 Et
638 2504 675 2535 fo
700 2510 823 2546 questo
848 2504 906 2536 nel
931 2504 1017 2536 ditto
1041 2503 1234 2545 millesimo,
1259 2513 1278 2534 a
1302 2502 1337 2534 (11
1361 2501 1528 2534 vintiocto
1556 2503 1598 2533 de
1627 2508 1774 2534 ottovre.

446 2593 517 2625 124.
543 2593 642 2635 [124].
665 2611 709 2616 -
730 2593 770 2624 In
794 2593 888 2625 mille
913 2599 1064 2625 tresento
1089 2593 1261 2633 trentadu,
1285 2601 1400 2623 meser
1429 2590 1586 2622 Marsilio
1618 2591 1663 2623 da
1685 2591 1814 2623 Carara
1838 2600 1904 2622 con
1929 2590 2043 2633 alguni
2066 2588 2175 2621 nobili

332 2646 376 2678 da
399 2646 523 2684 ssrexa,
546 2647 667 2678 siando
691 2657 813 2688 mecan
837 2647 911 2678 loro
935 2653 970 2678 et
986 2647 1016 2677 le
1033 2657 1120 2689 gran
1142 2647 1307 2688 proferte,
1331 2645 1434 2676 trattb
1451 2650 1702 2676 secretamente
1720 2645 1763 2676 de
1779 2644 1856 2686 piar
1873 2643 1995 2674 Brexa.
2031 2642 2074 2674 Et
2091 2641 2172 2679 cosi,
2197 2642 2238 2672 40

332 2701 569 2732 mostrandose
595 2700 708 2744 amigo
734 2701 778 2732 de
803 2710 915 2732 meser
941 2700 972 2732 lo
998 2700 1123 2743 legato,
1140 2699 1173 2731 el
1189 2699 1289 2742 quale
1315 2708 1373 2729 era
1388 2697 1496 2729 molto
1514 2699 1636 2729 amado
1652 2698 1688 2729 in
1707 2698 1739 2729 la
1756 2697 1847 2729 dicta
1864 2696 1942 2732 cita,
1959 2706 2024 2728 con
2042 2695 2073 2726 le
2091 2695 2173 2726 ban-

331 2753 425 2785 diere
451 2753 542 2785 della
567 2753 698 2785 Ghiesa
723 2759 755 2785 et
781 2754 823 2785 de
849 2753 1012 2785 Rolando
1038 2753 1072 2784 di
1097 2751 1201 2784 Rossi
1225 2751 1314 2783 intro
1339 2751 1373 2782 in
1398 2749 1522 2788 Brexa,
1549 2751 1579 2781 el
1604 2750 1758 2782 dominio
1783 2750 1872 2781 della
1896 2749 1998 2792 quale
2022 2748 2052 2779 el
2077 2748 2172 2779 dicto

332 2816 444 2838 meser
467 2805 626 2838 Marsilio
650 2816 777 2846 aconse
802 2806 871 2837 alla
894 2805 1048 2848 signoria
1072 2805 1115 2837 de
1139 2815 1251 2836 meser
1275 2803 1414 2835 Mastin.

425 2897 496 2929 125.
525 2897 630 2937 [125].
654 2915 689 2919 —
720 2896 777 2928 No
802 2897 908 2928 molto
944 2896 1018 2928 drio
1043 2896 1076 2927 le
1102 2896 1260 2937 predicte
1293 2904 1384 2930 cose,
1417 2904 1555 2934 apresso
1581 2894 1613 2925 la
1637 2901 1728 2926 terra
1759 2894 1802 2925 de
1834 2893 1918 2933 Urci
1950 2900 2129 2925 convenne
2155 2900 2174 2921 a

333 2951 546 2989 parlamento
570 2951 579 2980 i
604 2950 734 2992 signori
758 2950 839 2981 dala
861 2948 976 2986 Scala,
1001 2949 1097 2991 Acco
1114 2948 1292 2985 Visconte‚
1309 2957 1422 2978 meser
1438 2947 1594 2979 Mamilio
1619 2946 1663 2978 da
1687 2946 1845 2983 Carrara,
1869 2946 1878 2976 i
1897 2944 2058 2976 marchisi
2076 2942 2173 2975 d’Est
2196 2942 2236 2975 45

332 3009 365 3033 et
388 3013 499 3034 meser
523 3002 706 3046 Lodovigo
731 3003 776 3034 da
800 3003 980 3046 Goncaga,
1005 3002 1015 3032 i
1040 3001 1133 3045 quali
1158 3001 1235 3033 tutti
1260 2999 1305 3032 fe’
1327 3010 1396 3031 una
1420 3000 1565 3031 coniurn
1589 3006 1709 3032 contra
1733 2999 1764 3032 el
1789 3010 1826 3031 re
1851 2999 1894 3031 de
1920 2997 2071 3030 Boemia.

2278 937 2286 962 ›·
