2290 3449
256 3006 268 3030 5

322 218 393 251 224

314 349 440 391 alguna
472 358 639 390 speranca
671 348 715 380 de
746 358 868 389 posser
899 359 981 380 aver
1012 348 1044 379 la
1075 348 1144 380 citit
1168 348 1211 380 de

314 403 406 433 Pava
423 408 513 433 sotto
537 411 596 432 soa
613 401 777 443 signoria‚
801 401 868 432 ello
893 401 939 432 fe'
963 403 1211 442 optimamente

312 462 434 486 trattar
450 454 481 485 el
499 454 688 485 sovraditto
712 454 832 485 meser‘
847 454 986 485 Iacomo
1010 456 1141 497 grande
1167 455 1211 486 da

311 509 457 540 Carrara
474 518 540 539 con
555 507 671 549 alguni
686 507 764 537 altri
776 508 926 547 presoni,
941 508 1006 539 che
1019 508 1086 540 ello
1101 508 1210 540 havea

311 562 398 593 fatto
423 571 542 592 menar
565 571 584 591 a
609 560 761 595 Verona,
785 565 819 591 et
834 561 1083 600 specialmente
1100 573 1211 594 meser

310 614 450 646 Iacomo
476 615 520 644 da
543 614 693 645 Carrara
719 618 813 644 etun
838 612 953 644 Vanni
976 614 1209 656 Scornecano,

310 668 456 699 soldado
482 667 537 698 del
564 677 689 698 comun
721 667 765 696 de
790 666 894 703 pava,
923 678 978 698 ma
1002 667 1133 700 citadin
1158 670 1209 710 pi-

309 731 402 757 sano,
435 720 535 751 homo
568 720 658 751 nelle
683 729 778 750 arme
811 719 953 761 egregio
976 721 1083 752 molto
1107 728 1141 753 et
1165 722 1209 753 da

310 774 529 805 comendare.
576 773 640 804 Dai
666 772 759 814 quali
791 772 837 803 du
869 772 956 804 tolto
980 774 1120 816 segurta
1151 774 1209 806 del

308 832 437 864 tomas,
463 826 530 858 6110
555 827 591 857 fo
616 831 782 857 contento
807 825 872 856 che
896 825 1048 867 viguisse
1072 837 1091 857 a
1114 827 1208 858 Pava

309 890 328 911 3
359 885 480 911 trattar
503 885 536 910 et
560 879 706 910 cerchar
737 878 780 910 de
805 887 898 918 pase.
945 878 989 909 Et
1013 885 1135 920 questo
1161 880 1207 911 fe'

308 944 368 974 per
401 933 542 963 conseio
570 938 602 963 et
630 932 911 963 confortamento
937 931 981 962 de
1005 942 1117 963 meser
1141 931 1207 964 Bo-

307 997 445 1022 nacosa,
469 986 588 1027 signor
612 985 654 1016 de
672 985 824 1024 Mantoa,
849 991 882 1016 et
906 984 949 1016 de
968 995 1078 1016 meser
1094 986 1208 1017 Goiel-

308 1050 362 1070 mo
396 1040 439 1070 de
466 1038 729 1075 Castelbarcho,
754 1038 787 1068 di
813 1038 905 1079 quali
931 1037 977 1068 du
1004 1038 1039 1068 in
1064 1039 1146 1080 ogni
1170 1049 1207 1070 so

307 1093 394 1124 fatto
420 1092 488 1123 ello
512 1093 623 1122 havea
647 1101 734 1133 gran
752 1091 897 1131 fidanca.
944 1090 996 1122 La
1020 1091 1099 1133 qual
1124 1102 1207 1132 pase

306 1146 317 1177 i
334 1145 515 1177 sovraditti
533 1156 645 1176 meser
663 1145 804 1175 Iacomo
823 1145 867 1175 da
880 1144 1027 1175 Carrara
1045 1150 1079 1175 et
1092 1144 1207 1176 Vanni

306 1210 370 1240 pur
394 1199 557 1235 obtenne‚
579 1197 716 1229 benche
741 1208 786 1228 un
810 1197 1010 1228 Macaruffo
1034 1197 1069 1229 di
1088 1197 1208 1228 Maca-

305 1252 379 1283 ruffi
403 1252 508 1283 molto
533 1252 565 1282 13
590 1251 882 1287 desconfortasse,
915 1251 947 1280 in
981 1256 1067 1283 tutte
1092 1251 1123 1281 16
1147 1260 1206 1282 soe

306 1306 424 1346 parole
449 1304 642 1336 nondimen
666 1304 852 1335 exaltando
877 1304 908 1335 el
925 1305 1118 1337 sovraditto
1135 1314 1207 1335 me-

305 1368 359 1388 ser
383 1358 520 1389 Iacomo
546 1363 581 1389 et
604 1355 838 1388 confortando
859 1356 894 1387 in
919 1357 1002 1398 ogni
1025 1357 1130 1388 modo
1163 1357 1207 1388 da

303 1422 397 1443 esser
429 1411 605 1442 cerchado
639 1410 670 1440 la
694 1419 754 1440 soa
787 1409 918 1441 liberta.
966 1410 1054 1441 Dele
1085 1410 1206 1451 parole

305 1465 362 1496 del
387 1464 467 1506 qual
493 1464 688 1495 Macaruffo
720 1463 753 1493 in
787 1463 920 1494 honore
954 1470 988 1495 et
1018 1463 1205 1495 exaltation

305 1518 361 1550 del
386 1517 574 1549 sovraditto
606 1527 719 1548 meser
750 1516 891 1547 Iacomo
917 1517 949 1548 el
980 1516 1147 1556 Mussato,
1174 1517 1205 1548 el

305 1572 383 1613 qual
417 1572 452 1603 fo
483 1569 690 1606 testimonio,
722 1569 836 1600 scrive
867 1570 901 1600 in
926 1576 1048 1611 questa
1072 1570 1202 1601 forma:

308 1626 321 1640 “
340 1624 408 1656 Nui
431 1635 467 1655 se
492 1624 639 1655 dovemo
671 1623 807 1663 sforcar
832 1633 895 1664 per
926 1622 1008 1664 ogni
1032 1624 1135 1655 modo
1160 1624 1203 1655 de

309 1680 322 1694 “
337 1688 456 1709 servar
479 1688 590 1708 meser
614 1677 751 1708 Iacomo
777 1676 821 1707 da
845 1675 1004 1714 carrara,
1028 1677 1203 1719 singulare

310 1733 323 1747 ‘⁴
338 1731 475 1773 refugio
499 1729 578 1762 dela
603 1735 718 1761 nostra
743 1729 855 1770 patria
879 1729 1044 1771 et⁴guida
1061 1735 1095 1761 et
1119 1729 1203 1761 duse

308 1783 455 1826 “d'ogni
487 1789 604 1815 nostro
635 1783 743 1819 afare,
775 1782 937 1824 dagando
963 1782 1045 1823 ogni
1074 1783 1202 1814 havere

308 1840 321 1854 “
336 1848 398 1878 per
414 1837 447 1868 la
464 1847 524 1868 soa
548 1836 785 1877 redempcion,
810 1846 874 1876 per
896 1835 927 1866 13
952 1835 1065 1877 quale,
1081 1847 1117 1868 se
1135 1836 1202 1868 ello

309 1892 322 1907 “
337 1891 354 1921 ὲ
378 1889 566 1931 possibele‚
590 1891 624 1920 io
647 1889 725 1920 voio
750 1894 874 1920 metter
898 1888 933 1918 in
959 1890 1201 1930 permutacion

308 1944 403 1975 “mie
435 1943 574 1979 nevodi‚
599 1949 633 1974 et
657 1953 788 1974 ancora
818 1942 848 1973 ai
873 1941 951 1973 ditti
983 1943 1047 1973 mei
1072 1942 1202 1974 nevodi

310 1998 367 2030 “io
392 1998 472 2030 voio
497 2007 644 2037 aconcer
669 2001 790 2038 quatro
809 1995 874 2026 mie
894 1996 1008 2034 fioli„.
1054 1996 1104 2027 Le
1120 1996 1202 2038 qual

301 2052 419 2093 parole
443 2051 541 2082 disea
565 2050 596 2081 el
621 2050 708 2081 ditto
732 2048 930 2080 Macaruffo
955 2049 1012 2090 piu
1030 2060 1093 2090 per
1111 2059 1203 2080 com-

302 2106 417 2147 piaser
441 2105 473 2135 al
497 2103 636 2145 povolo,
660 2104 691 2134 el
716 2104 796 2144 qual
821 2102 888 2134 ello
920 2113 1023 2134 savea
1048 2103 1146 2134 voler
1169 2103 1201 2135 la

301 2158 525 2198 redempcion
550 2157 605 2187 del
623 2156 815 2187 sovraditto
832 2165 942 2186 meser
960 2156 1110 2193 Iacomo,
1136 2156 1202 2188 cha

301 2221 362 2252 per
395 2211 426 2241 la
457 2220 516 2241 soa
547 2210 682 2247 liberta,
715 2209 946 2250 concosiache
982 2221 1045 2252 per
1069 2210 1200 2242 invidia

301 2264 368 2296 ello
393 2264 425 2294 ie
451 2265 544 2295 fosse
570 2263 710 2304 nemigo
734 2263 793 2304 [et]
823 2274 891 2294 non
916 2264 1040 2307 amigo.
1080 2264 1201 2296 Havea

300 2318 333 2350 el
353 2318 531 2348 marchese
550 2317 593 2348 de
611 2316 672 2348 Est
695 2317 781 2348 tolta
804 2327 866 2357 per
890 2316 999 2348 moier
1022 2328 1089 2348 una
1112 2327 1199 2359 neca

301 2372 344 2402 de
368 2376 488 2413 questo
505 2369 713 2407 Macaruffo,
737 2379 800 2411 per
824 2370 854 2400 la
879 2370 958 2412 qual
984 2371 1112 2402 moiere
1131 2370 1197 2402 ello

301 2434 449 2456 cercava
481 2422 526 2454 de
557 2423 639 2454 farsi
671 2433 739 2453 una
770 2422 911 2464 sequela
949 2433 967 2453 a
999 2423 1108 2460 Pava3
1143 2434 1198 2455 ma

300 2476 428 2519 perche
453 2487 517 2518 pur
541 2475 636 2507 nola
659 2486 782 2517 possea
806 2476 935 2507 havere
962 2486 1061 2507 como
1086 2487 1198 2508 meser

300 2531 438 2562 Iacomo
457 2530 500 2562 da
525 2528 684 2567 Carrara,
708 2539 771 2570 per
794 2527 926 2559 invidia
942 2528 952 2559 i
970 2538 1030 2560 era
1046 2528 1197 2572 inimigo.

299 2584 359 2615 Ma
382 2584 470 2615 satta
493 2583 601 2614 allora
625 2593 692 2613 una
708 2581 862 2614 solemne
880 2588 914 2613 et
930 2581 1050 2623 polida
1066 2592 1197 2625 arenga

299 2637 331 2668 al
347 2636 473 2678 povolo
497 2647 559 2677 per
583 2635 614 2667 10
638 2635 828 2667 sovraditto
853 2645 965 2666 meser
988 2634 1137 2672 Iacomo,
1161 2635 1195 2666 in

300 2690 332 2721 13
354 2689 454 2732 quale
483 2690 549 2721 ello
580 2689 679 2731 parlo
711 2688 1056 2731 magnanimamente,
1088 2693 1122 2719 et
1145 2693 1196 2720 tra

390 2830 394 2844 ¹
418 2832 462 2856 Cf.
484 2832 633 2859 Mussnro,
654 2833 696 2855 De
712 2832 810 2863 gestis,
830 2832 877 2861 VI,
898 2837 911 2862 3
936 2831 1035 2863 (Mum,
1061 2831 1094 2861 X,
1121 2830 1193 2861 654).

388 2874 397 2888 ‘2
418 2874 566 2905 Mussrx‘ro,
590 2876 631 2898 De
649 2875 742 2904 gestis,
763 2873 808 2903 VI,
833 2879 845 2903 7
867 2874 967 2904 (Mum,
987 2873 1018 2900 X.
1046 2872 1105 2903 655,
1132 2872 1193 2904 sg.).

388 2916 398 2931 3
416 2916 566 2946 Mussrx‘ro,
584 2918 627 2939 De
644 2917 741 2947 nesus,
761 2915 807 2945 VI,
830 2921 843 2946 7
863 2914 964 2945 (Mum,
986 2916 1019 2945 X,
1040 2913 1110 2947 656).

386 2958 394 2972 ⁴
418 2958 569 2982 “Duxerat
596 2961 687 2982 autem
705 2970 735 2976 —-
750 2957 905 2989 sequellam
919 2958 997 2983 ΞΑ,
1023 2965 1045 2981 c.
1065 2964 1108 2988 31,
1134 2957 1191 2980 llu-

300 3000 312 3013 ‘¹
325 3002 366 3023 ius
388 3000 549 3024 Macharnffi
563 3014 593 3017 —
609 3000 761 3031 sequelam.

674 217 842 252 GESTA
873 217 1174 253 MAGNIFICA
1204 217 1392 253 DOMUS
1423 218 1809 256 CARRARIENSIS

1265 348 1317 379 ria
1341 359 1418 380 cum
1445 350 1519 381 aliis
1543 351 1689 391 captivis
1709 351 1751 383 de
1776 351 1897 384 Padua
1914 351 2089 383 Veronam
2108 353 2166 384 ad-

1266 402 1344 432 vehi
1362 403 1471 445 jussit,
1486 413 1572 445 quos
1589 405 1719 445 optime
1745 406 1982 446 pertractavit,
1999 406 2166 447 precipue

1265 456 1441 487 dominum
1467 456 1630 488 Iacobum
1655 457 1699 489 de
1733 457 1893 490 Carraria
1923 464 1958 490 et
1982 459 2165 501 quemdam

1264 510 1422 541 Vannem
1448 509 1716 548 Scornezanum,
1740 511 1849 543 virum
1881 512 1916 543 in
1947 511 2052 543 armis
2081 518 2167 543 stre-

1264 575 1379 595 nuum.
1419 564 1450 594 A
1474 563 1597 604 quibus
1613 563 1788 595 obsidibus
1804 565 1970 606 acceptis,
1987 564 2165 606 predictus

1264 618 1296 647 d.
1323 616 1428 647 Canis
1452 615 1589 647 hortatu
1613 623 1647 647 et
1667 617 1819 648 consiliis
1835 617 2027 655 Bonacose,
2044 618 2166 649 vicarii

1262 669 1456 706 Mantuani,
1470 675 1502 700 et
1520 669 1708 701 Guillielmi
1724 669 1769 701 de
1782 669 2025 707 Castrobareo‚
2040 670 2164 712 quibus

1261 724 1296 754 in
1314 723 1473 754 omnibus
1489 722 1698 760 confidebat,
1721 722 1815 763 ipsos
1838 722 1992 754 Paduam
2016 725 2059 755 de
2075 733 2162 764 pace

1264 780 1468 808 tractaturos
1504 775 1622 806 venire
1658 775 1813 816 permisit
1826 774 1848 806 ¹.
1894 775 2010 812 Quam
2041 775 2161 807 Padue

1262 829 1402 861 tandem
1431 823 1740 869 pertractaverunt,
1766 828 1848 859 licet
1879 828 2018 870 quidam
2043 829 2162 860 Maca-

1261 883 1371 913 ruffus
1407 883 1450 913 de
1490 881 1687 913 Macaruffis
1722 881 1831 923 ipsam
1866 880 2092 918 dissuaderet,
2126 881 2161 912 in

1261 935 1419 967 omnibus
1437 942 1548 966 tamen
1567 934 1677 976 ipsius
1693 934 1809 965 verbis
1823 939 1859 965 et
1874 933 1994 966 Padue
2012 933 2162 971 consiliis

1260 988 1371 1029 ipsum
1404 989 1580 1020 dominum
1616 987 1781 1019 Iacobum
1817 986 1988 1018 extollens
2023 991 2058 1018 et
2089 988 2162 1017 cius

1261 1041 1430 1073 affirmans
1468 1042 1679 1083 querendam
1720 1041 1797 1072 fore
1833 1040 2029 1071 libertatem
2048 1038 2069 1070 ἵ.
2109 1039 2161 1070 De

1261 1094 1357 1126 cuius
1373 1094 1551 1126 Macaruffi
1568 1094 1739 1126 locutione
1756 1094 1790 1125 in
1808 1093 1975 1125 honorem
1992 1093 2024 1124 d.
2042 1091 2162 1124 Iacobi

1261 1147 1303 1177 de
1328 1147 1488 1179 Carraria
1505 1147 1690 1184 Mussatus,
1708 1147 1830 1189 quibus
1853 1146 1968 1178 verbis
1992 1146 2161 1183 interfuit,

1261 1206 1296 1231 et
1319 1201 1394 1242 ipse
1426 1201 1634 1232 conscribit:
1672 1199 1863 1232 “Iacobum
1892 1199 1984 1230 hunc
2008 1199 2051 1230 de
2078 1197 2162 1230 Car-

1266 1254 1385 1285 “raria
1408 1254 1519 1295 patrie
1537 1260 1650 1285 nostre
1675 1253 1851 1296 singulare
1875 1252 2085 1294 perfugium,
2109 1262 2162 1283 se-

1263 1307 1372 1339 “mite
1411 1312 1526 1338 nostre
1563 1308 1698 1344 ducem,
1737 1307 1859 1349 quavis
1898 1305 2159 1347 opportunitate

1266 1363 1431 1392 “servare
1471 1360 1630 1397 nitamur,
1673 1361 1754 1391 dato
1792 1369 1850 1390 ere
1891 1357 2159 1399 redempcionis,

1266 1415 1461 1454 “nepotum
1489 1423 1643 1444 meorum
1680 1413 1843 1449 omnium,
1879 1412 1906 1443 si
1941 1421 2159 1453 consequens

1265 1469 1278 1483 ‘⁴
1294 1472 1355 1505 est,
1393 1466 1671 1507 permutacione:
1704 1465 1888 1507 nepotibus
1926 1471 2025 1496 natos
2063 1475 2158 1496 meos

1265 1522 1437 1563 “quatuor
1472 1520 1537 1551 hac
1568 1529 1631 1561 pro
1663 1518 1903 1560 redemptione
1928 1519 2115 1555 devoveo„
2135 1516 2156 1548 ³.

1259 1573 1336 1605 Hec
1360 1573 1432 1614 ipse
1457 1573 1629 1604 Mussatus
1659 1572 1702 1603 de
1735 1571 1933 1602 Macaruffo
1957 1570 2157 1612 conscribit,

1258 1636 1325 1668 que
1358 1626 1574 1657 Macaruffus
1595 1626 1682 1665 ipse,
1705 1630 1742 1655 ut
1764 1623 1994 1665 applauderet
2016 1624 2157 1665 populo,

1257 1690 1358 1721 quem
1375 1680 1485 1721 ipsum
1503 1678 1551 1710 sic
1574 1678 1706 1710 sciebat
1731 1683 1865 1718 optare,
1888 1676 2004 1718 potius
2026 1677 2158 1708 refere-

1257 1732 1316 1764 bat
1339 1743 1440 1775 quam
1466 1742 1529 1773 pro
1553 1731 1713 1762 libertate
1738 1731 1848 1772 ipsius
1879 1730 2006 1761 domini
2039 1729 2158 1761 Iacobi

1257 1788 1300 1819 de
1325 1786 1505 1819 Carraria:
1532 1796 1609 1817 nam
1633 1785 1700 1816 sibi
1727 1795 1769 1816 ex
1792 1784 1923 1816 invidia
1946 1783 2054 1815 hostis
2071 1789 2155 1814 erat.

1257 1840 1329 1872 Sed
1352 1840 1397 1872 ad
1421 1851 1494 1871 rem
1512 1840 1630 1871 redeo.
1666 1838 1823 1869 Duxerat
1845 1842 1959 1869 autem
1976 1836 1985 1852 ⁴
2011 1836 2156 1868 estensis

1256 1894 1411 1926 marchio
1435 1903 1578 1925 uxorem
1596 1898 1734 1933 neptem
1752 1891 1936 1933 quamdam
1955 1889 2063 1930 ipsius
2078 1889 2153 1920 Ma-

1256 1947 1382 1983 caruffi,
1408 1957 1449 1978 ex
1482 1946 1578 1977 cuius
1610 1946 1729 1977 favore
1759 1944 1879 1976 Padue
1910 1943 1976 1974 sibi
2008 1942 2155 1983 parabat

1255 2000 1462 2042 sequellam:
1488 1999 1649 2040 ideoque,
1674 1997 1756 2039 quia
1773 1998 1804 2028 d.
1823 1995 1952 2028 Iacobo
1971 1997 2014 2027 de
2031 1995 2155 2027 Carra-

1255 2054 1306 2085 ria
1344 2053 1463 2094 impar,
1502 2052 1565 2094 ipsi
1602 2051 1794 2083 invidebat.
1852 2051 1998 2082 Demum
2037 2056 2151 2081 autem

1255 2108 1405 2149 quadam
1428 2106 1574 2138 solemni
1599 2111 1633 2136 et
1662 2105 1853 2147 composita
1885 2103 2066 2136 oratione⁵
2089 2113 2152 2144 per

1253 2161 1363 2202 ipsum
1390 2159 1424 2192 d.
1448 2159 1610 2191 Iacobum
1644 2160 1688 2190 ad
1721 2158 1884 2200 populum
1917 2157 2086 2198 exposita,
2116 2157 2151 2187 in

1254 2223 1321 2255 qua
1344 2212 1610 2256 magnanimiter
1642 2212 1778 2244 locutus
1809 2217 1870 2249 est,
1894 2210 2030 2242 scilicet
2060 2209 2150 2241 velle

1253 2278 1288 2299 se
1317 2268 1466 2299 libenter
1497 2266 1541 2297 ad
1573 2275 1749 2296 carcerem
1782 2264 1910 2300 redire,
1941 2264 1970 2294 si
1999 2263 2078 2304 plus
2108 2263 2151 2294 sit

1252 2321 1363 2363 patrie
1394 2319 1550 2351 utilitatis
1581 2329 1706 2360 guerra
1738 2324 1772 2349 et
1803 2316 2031 2357 reassumptio
2066 2314 2151 2346 belli

1252 2375 1326 2416 ipsa
1343 2383 1440 2415 pace,
1465 2382 1531 2414 que
1550 2379 1678 2408 tamen,
1703 2382 1779 2403 cum
1797 2372 1867 2402 suis
1883 2375 2047 2401 renuente
2073 2368 2149 2399 Ma-

1252 2427 1398 2464 caruffo,
1422 2436 1486 2467 pro
1512 2424 1671 2456 libertate
1701 2425 1733 2456 d.
1764 2423 1883 2456 Iacobi
1913 2423 1956 2454 de
1988 2421 2149 2453 Carraria

1251 2480 1376 2512 ceteris
1401 2478 1674 2510 acclamantibus
1699 2483 1819 2509 secuta
1843 2482 1895 2508 est
1907 2475 1929 2507 ⁶.

1337 2829 1347 2844 ⁵¹
1369 2830 1517 2857 Mrssm-o,
1538 2831 1580 2853 De
1598 2831 1694 2861 gri-stis,
1715 2830 1761 2861 Vl,
1784 2830 1799 2854 S
1819 2830 1919 2860 (Μυκ,ἱ
1946 2830 1978 2857 X,
2005 2829 2055 2861 657
2083 2828 2143 2862 sg..)

1336 2869 1347 2885 ὓ
1367 2871 1517 2899 Mussxro,
1538 2872 1580 2895 De
1591 2872 1690 2902 gestis,
1707 2872 1752 2899 Vl.
1767 2879 1783 2903 9
1798 2871 1898 2903 (Mum,
1912 2871 1945 2899 X.
1959 2871 2034 2903 658):
2050 2872 2062 2884 ⁸
2076 2871 2142 2895 Dic-

1250 2914 1262 2926 “
1275 2916 1332 2937 tum
1353 2913 1447 2937 lambi
1470 2915 1599 2943 frequens
1619 2914 1730 2937 clamor
1749 2914 1929 2945 omologavit
1943 2914 1989 2938 die
2002 2914 2097 2938 eadem
2113 2915 2142 2936 in

1247 2956 1259 2968 ‘⁴
1272 2956 1374 2978 maiori
1395 2957 1495 2979 senatu
1515 2962 1563 2986 per
1586 2955 1734 2986 plumbeos
1753 2955 1879 2979 calculos
1898 2963 1932 2979 ex
1958 2957 2142 2979 senatuscon-

1249 2996 1349 3020 “sulto
1369 3005 1447 3021 more
1466 2999 1562 3029 patrio
1583 2997 1806 3029 comprobatum.

2196 564 2211 594 5

2194 830 2231 861 10

2194 1095 2230 1126 15

2187 1364 2230 1394 20

2185 1630 2227 1661 25

2183 1895 2225 1926 30

2179 2426 2220 2457 40

2175 2693 2215 2725 45

2173 3003 2204 3020 10
