2290 3449
302 224 374 258 218
651 219 821 255 GESTA
850 219 1155 254 MAGNIFICA
1185 217 1368 254 DOMUS
1397 217 1785 254 CARRARIENSIS

298 355 327 378 et
345 352 507 386 parabolam
526 352 658 376 intrandi
677 352 806 376 tenutam
824 352 852 375 et
871 351 1084 383 possessionem
1103 350 1226 381 quilibet
1244 349 1277 373 de
1296 350 1377 380 parte
1391 355 1450 379 sua,
1463 350 1673 373 constituentes
1686 349 1757 374 dicti
1778 349 1892 374 domini
1910 357 1983 374 unus
2003 357 2055 382 pro
2076 349 2142 374 aliis

299 406 347 422 seu
373 405 424 430 pro
450 397 539 422 altera
564 398 644 428 parte
663 395 741 420 dicta
760 396 835 420 bona
860 396 990 428 precario
1009 394 1164 427 possidere.
1201 393 1256 417 Pro
1283 393 1386 425 quibus
1410 393 1544 417 omnibus
1570 395 1597 417 et
1617 394 1742 425 singulis
1766 394 1940 426 supradictis
1960 393 2144 419 attendendis

300 443 328 466 et
346 441 532 466 observandis
552 441 754 473 obligaverunt
774 441 828 464 sibi
849 440 885 464 ad
904 441 1029 464 invicem
1044 440 1141 463 omnia
1154 439 1229 463 bona
1244 445 1302 469 sua,
1322 445 1357 461 ex
1372 445 1447 461 nunc
1468 437 1591 469 predicti
1612 438 1721 462 domini
1742 444 1776 462 ex
1795 440 1872 463 certa
1892 439 2014 463 sciencia
2033 439 2141 463 actioni

299 489 327 511 et
346 486 511 518 exceptioni
531 485 592 510 doli
606 486 674 509 mali
688 487 716 509 et
729 486 758 509 in
774 485 879 509 sactum
893 486 920 508 et
932 484 1112 515 condicioni,
1126 485 1187 507 sine
1201 490 1298 507 caussa
1312 483 1357 506 vel
1372 489 1405 505 ex
1420 483 1529 506 iniusta
1542 489 1649 512 caussa,
1661 483 1689 506 et
1702 484 1779 507 omni
1795 484 1918 507 remedio
1934 483 2145 515 appellacionis

300 539 348 563 per
367 537 480 563 pactum
500 532 528 554 et
548 518 681 554 omnibus
699 530 810 563 juribus
829 531 857 553 et
870 529 1074 560 exeptionibus
1086 530 1114 552 et
1134 527 1353 552 defensionibus
1371 526 1443 559 juris
1464 528 1493 550 et
1507 526 1578 551 facti
1598 527 1768 551 comunibus
1788 529 1816 551 et
1834 528 2016 560 specialibus.
2035 534 2146 560 expres-

302 576 341 599 sis
361 577 387 600 et
408 582 465 599 non
486 576 636 607 expressis,
656 574 884 605 competentibus
910 575 938 597 et
963 574 1174 606 competituris,
1199 579 1318 604 quorum
1344 571 1473 595 omnium
1498 572 1527 594 et
1552 570 1675 595 aliorum
1701 572 1812 596 auxilia
1836 573 2005 596 remiserunt
2029 572 2085 596 sibi
2110 571 2145 595 ad

302 620 427 644 invicem
446 627 495 652 per
515 621 630 651 pactum
651 619 774 651 speciale
792 620 820 642 et
840 618 1080 642 renunciaverunt
1100 617 1232 642 omnibus
1258 617 1374 640 statutis
1400 614 1530 639 comunis
1551 615 1645 639 Padue
1670 615 1755 640 factis
1780 618 1807 640 et
1830 623 1884 648 que
1907 616 1966 640 fieri
1992 617 2095 640 debent
2120 617 2148 639 et

302 665 558 689 reson-macionibus
577 665 767 689 consiliorum
787 664 917 688 comunis
936 663 1032 687 Padue
1050 662 1136 687 factis
1155 664 1183 686 et
1196 669 1249 693 que
1268 661 1344 690 fient,
1358 663 1386 685 et
1406 660 1476 684 dicti
1492 658 1602 685 domini
1617 662 1645 684 et
1658 661 1779 691 quilibet
1791 667 1896 692 eorum,
1911 662 1961 693 qui
1976 670 2033 686 non
2053 663 2146 686 atten-

304 710 402 734 derent
421 710 448 733 et
467 709 652 733 observarent
664 708 793 742 predicta
807 708 903 732 omnia
924 709 951 731 et
968 707 1093 739 singula,
1113 708 1218 738 sponte
1237 708 1265 730 et
1284 713 1333 737 per
1352 707 1466 737 pactum
1485 705 1610 737 speciale
1630 712 1658 728 se
1671 704 1876 737 obligaverunt
1894 712 1978 737 penes
1997 706 2080 730 illurn
2099 712 2147 729 seu

302 754 380 782 illos,
400 755 447 784 qui
468 753 648 777 attenderent
666 755 694 776 et
713 753 898 776 observarent
918 752 1017 776 omnia
1036 753 1064 775 et
1082 751 1198 783 singula
1217 749 1391 782 supradicta,
1418 749 1495 781 quod
1521 749 1635 781 possint
1661 748 1743 772 illum
1769 756 1816 773 seu
1835 749 1906 773 illos
1932 750 2100 774 forbannire
2118 751 2147 773 et

304 799 395 822 facere
421 798 584 822 forbanniri
609 799 636 822 et
662 799 690 821 in
710 797 788 821 libro
815 797 1048 820 forbannitorum
1073 795 1202 819 comunis
1222 795 1318 827 Padue
1337 795 1407 827 poni
1430 795 1528 824 facere,
1549 794 1631 818 etde
1650 800 1750 817 eorum
1769 789 1855 818 bonis
1873 794 2002 818 tenutam
2022 795 2150 826 accipere

304 846 332 867 et
351 843 444 875 accipi
463 843 554 867 facere
573 842 657 866 semel
671 844 699 866 et
713 842 828 874 pluries,
848 843 876 866 et
889 841 941 865 illa
955 848 1004 865 sua
1018 841 1191 864 auctoritate
1210 839 1333 863 vendere
1346 841 1373 863 et
1389 839 1514 863 alienare
1528 846 1589 862 cum
1603 838 1717 862 nunciis
1736 839 1837 870 petitis
1850 845 1898 862 seu
1912 838 1982 867 sine,
1995 846 2043 863 seu
2056 838 2148 863 cuius-

307 895 424 919 cumque
449 887 568 912 alterius
594 886 725 910 officialis
744 887 874 910 comunis
899 885 1002 916 Padue,
1029 885 1120 908 donec
1141 884 1267 916 predicti
1293 891 1340 908 seu
1366 883 1453 915 aliqui
1482 883 1677 916 predictorum
1703 882 1885 906 attenderent
1909 884 1937 906 et
1963 878 2150 907 observarent

307 934 405 957 omnia
430 932 594 964 supradicta
619 934 647 955 et
666 931 790 963 singula.
827 930 1041 954 Renunciantes
1067 929 1199 953 omnibus
1225 929 1316 959 seriis,
1336 929 1435 952 diebus
1456 929 1574 958 seriatis,
1595 928 1713 952 statutis
1733 928 1760 951 et
1779 927 2151 954 reformacionibusconsiâ€”

305 977 410 1001 liorum
430 977 560 1000 comunis
573 975 668 999 Padue
688 975 773 999 factis
792 977 819 998 et
839 982 891 1006 que
909 974 986 1004 fient,
999 973 1054 997 sibi
1074 975 1176 998 contra
1190 974 1318 1005 predicta
1332 973 1559 1005 competentibus
1579 974 1606 996 et
1619 971 1829 1003 competituris,
1849 978 1898 995 seu
1911 973 2013 996 contra
2031 971 2150 1002 aliquod

306 1021 510 1053 predictorum,
530 1022 558 1044 et
577 1021 770 1052 promiserunt
790 1019 860 1043 dicti
881 1018 992 1042 domini
1014 1019 1142 1042 vicissIm
1163 1018 1237 1049 quod
1258 1025 1316 1041 non
1337 1018 1435 1049 petent
1455 1016 1615 1049 exemplum
1634 1017 1889 1040 instrumentorum
1904 1015 1948 1039 vel
1961 1015 2093 1040 libellum
2104 1023 2152 1040 seu

307 1066 458 1089 terminum
479 1065 573 1089 decem
592 1065 710 1094 dierum,
727 1063 762 1088 ad
781 1064 835 1087 hoc
849 1064 880 1087 ut
901 1062 996 1094 aliqua
1009 1062 1116 1086 dilacio
1132 1069 1191 1085 esse
1205 1063 1297 1094 possit
1313 1063 1387 1085 inter
1401 1068 1449 1085 eos
1469 1061 1620 1085 occasione
1640 1061 1801 1092 aliquorum
1815 1059 2010 1093 predictorum
2028 1067 2152 1091 casuum,

309 1112 338 1134 in
360 1118 431 1142 pena
451 1111 478 1133 et
497 1109 548 1133 sub
568 1116 640 1141 pena
665 1110 796 1140 superjus
819 1108 970 1132 declarata.
1008 1107 1127 1138 Insuper
1146 1106 1258 1130 domini
1283 1106 1405 1137 predicti
1428 1113 1526 1129 omnes
1551 1108 1578 1130 et
1599 1106 1706 1137 singuli
1727 1105 1866 1129 dixerunt
1885 1112 1914 1129 se
1939 1105 2042 1129 habere
2059 1112 2154 1129 annos

310 1156 416 1187 viginti
436 1156 463 1178 et
485 1155 612 1178 fecerunt
631 1161 660 1177 se
680 1154 802 1177 malores
822 1152 930 1184 viginti
950 1152 1074 1183 quinque
1099 1152 1184 1175 annis
1203 1158 1256 1182 pro
1279 1151 1416 1181 quolibet,
1442 1152 1469 1174 et
1493 1150 1602 1174 nullum
1623 1150 1726 1174 habere
1748 1152 1910 1174 curatorem
1928 1149 2089 1182 generalem
2107 1149 2154 1173 vel.

310 1199 508 1232 specialem,et
519 1198 708 1231 corporaliter
719 1198 887 1230 juraverunt
904 1203 1003 1220 omnes
1016 1196 1175 1227 supradicti
1195 1195 1309 1219 domini
1328 1196 1355 1218 et
1375 1195 1497 1226 quilibet
1510 1202 1607 1218 eorum
1628 1196 1731 1226 sponte
1749 1194 1785 1218 ad
1805 1195 1904 1218 sancta
1923 1194 1975 1218 Dei
1996 1193 2156 1226 evangeli-1.

310 1244 395 1268 tactis
415 1244 504 1267 sacris
517 1243 677 1275 scripturis,
692 1242 789 1266 omnia
802 1242 830 1265 et
843 1241 959 1272 singula
979 1239 1141 1272 supradicta
1163 1238 1308 1263 attendere
1327 1240 1354 1263 et
1368 1239 1524 1271 adimplere
1537 1240 1565 1262 et
1579 1239 1608 1262 in
1623 1239 1705 1263 nullo
1719 1239 1913 1262 contrafacere
1925 1238 2023 1269 aliqua
2041 1239 2157 1262 racione

310 1288 353 1312 vel
373 1295 471 1312 caussa
490 1287 612 1311 mInoris
631 1287 726 1315 etatis,
747 1285 927 1318 deceptionis
947 1285 993 1309 vel
1015 1284 1131 1312 fraudis,
1151 1285 1179 1307 et
1198 1283 1274 1314 quod
1290 1290 1348 1307 non
1363 1285 1492 1314 peterent
1511 1289 1558 1307 seu
1573 1282 1679 1314 aliquis
1698 1290 1795 1307 eorum
1813 1282 1979 1307 beneficium
1993 1283 2156 1307 restitucio-

311 1334 355 1356 nis
376 1333 404 1355 in
425 1332 576 1363 integrum,
595 1338 658 1354 cum
678 1330 862 1362 obligacIone
884 1330 1013 1353 omnium
1033 1335 1147 1352 suorum
1166 1328 1316 1352 bonorum.
1353 1327 1388 1351 Et
1407 1327 1492 1351 huius
1506 1327 1616 1352 tenoris
1629 1327 1732 1351 debent
1744 1327 1803 1351 fieri
1819 1329 1954 1359 quattuor
1967 1327 2158 1351 instrumenta

312 1377 421 1401 similia
439 1378 467 1400 et
486 1375 600 1408 singula
620 1375 740 1399 cuilibet
758 1374 964 1407 predictorum.

397 1421 426 1446 Sâ´
446 1422 484 1445 N.
502 1420 562 1452 Ego
583 1419 718 1444 Albertus
738 1427 753 1443 a
772 1419 800 1443 S.
819 1418 935 1450 Sophia,
955 1418 1032 1443 filius
1051 1417 1207 1450 Albrigetiâ€š
1227 1417 1301 1441 sacri
1320 1417 1424 1449 palatii
1445 1409 1584 1445 notarius,
1606 1416 1725 1441 interfui
1747 1418 1774 1440 et
1795 1418 1911 1449 rogatus
1931 1416 2042 1449 scripsi.

400 1519 428 1543 S.
448 1520 486 1543 As.
505 1518 565 1551 Ego
580 1518 711 1550 JacobuSâ€š
731 1517 807 1541 filius
827 1517 853 1541 d.
874 1517 987 1541 Alberti
1008 1517 1042 1541 de
1061 1515 1287 1544 Dalesmaninis,
1307 1516 1382 1540 sacri
1402 1515 1508 1548 palacii
1535 1515 1674 1543 notarius,
1699 1515 1826 1539 existens
1852 1516 1881 1538 in
1908 1514 2003 1539 officio
2030 1515 2159 1538 comunis

312 1564 407 1588 Padue
426 1571 520 1588 coram
540 1562 666 1596 provldo
685 1564 712 1586 et
738 1563 865 1586 discreto
893 1562 957 1586 viro
983 1561 1101 1585 domino
1126 1561 1263 1585 Antonio
1290 1561 1323 1584 de
1348 1560 1522 1589 Romanato,
1547 1559 1643 1593 judice
1668 1561 1696 1584 et
1721 1559 1835 1583 officiali
1857 1560 1986 1583 comunis
2010 1558 2106 1583 Padue
2123 1559 2160 1583 ad

312 1609 422 1633 discum
441 1608 524 1639 Equi,
543 1609 572 1631 ln
593 1608 695 1640 primis
714 1609 838 1639 quatuor
856 1607 1000 1638 mensibus
1019 1606 1175 1638 potestarie
1194 1605 1303 1629 nobilis
1323 1605 1427 1629 militis
1448 1605 1562 1629 domini
1580 1603 1718 1628 Taraboti
1739 1604 1773 1628 de
1786 1603 1948 1634 Tarabotis,
1963 1603 2058 1628 Padue
2069 1603 2162 1628 hono-

312 1653 412 1677 rabilis
432 1654 594 1685 potestatis,
613 1653 668 1676 hoc
688 1652 909 1676 instrumentum
925 1650 1030 1683 scripsi
1042 1652 1070 1674 et
1089 1649 1251 1681 exemplavi
1267 1657 1301 1673 ex
1315 1649 1484 1673 authentico
1499 1648 1688 1680 suprascripti
1700 1648 1850 1672 Albertini
1864 1647 1983 1676 notarii,
1998 1647 2040 1671 nil
2053 1647 2161 1671 addens

312 1698 358 1721 vel
377 1699 517 1725 minuens.
537 1697 613 1729 quod
632 1704 745 1721 sensum
765 1697 858 1720 variet
878 1695 922 1720 vel
943 1696 1118 1720 sentenciam
1143 1696 1243 1725 mutet,
1267 1695 1400 1717 currente
1419 1700 1496 1717 anno
1516 1694 1627 1717 domini
1648 1692 1804 1717 millesimo
1824 1693 2025 1716 trecentesimo
2045 1693 2158 1724 quinto,

314 1742 479 1766 indictione
502 1742 598 1770 tertia,
625 1742 672 1765 die
696 1741 838 1773 vigesimo
864 1742 959 1773 prtmo
984 1740 1092 1764 mensis
1114 1739 1192 1772 julii,
1217 1738 1320 1769 Padue,
1347 1739 1379 1762 in
1399 1739 1513 1762 comuni
1536 1737 1657 1769 palacio,
1677 1737 1713 1761 ad
1738 1736 1849 1761 discum
1874 1737 1956 1768 Equi,
1981 1737 2161 1769 presentibus

308 1787 438 1819 Johanne
458 1787 573 1811 notario
593 1785 738 1818 quondam
758 1786 915 1818 Augustini
937 1785 1054 1815 notarii,
1071 1784 1211 1816 Jacobino
1232 1783 1347 1807 notario
1367 1790 1393 1815 q.
1414 1782 1572 1806 Gramatiei
1593 1784 1621 1806 et
1640 1782 1717 1806 aliis.

405 1876 466 1908 Ego
484 1875 619 1904 Michael,
636 1875 723 1908 judex
745 1875 955 1906 infrascriptus,
977 1873 1197 1906 [infrascriptis]
1218 1872 1384 1903 millesimo,
1404 1871 1567 1896 indictione
1586 1873 1613 1895 et
1633 1871 1681 1895 die
1700 1877 1743 1895 me
1767 1871 1934 1902 subscripsi.

405 1920 467 1952 Ego
486 1920 654 1944 Anthonius
674 1920 819 1951 quondam
839 1920 950 1943 domini
966 1919 1106 1950 Johannis
1125 1917 1158 1941 de
1176 1916 1342 1951 Bacaleriis,
1362 1917 1492 1940 notarius
1512 1916 1724 1948 infrascriptusâ€š
1745 1922 1788 1939 me
1810 1915 1976 1947 subscripsi.

408 1966 436 1990 S.
456 1966 493 1990 N.
512 1965 573 1996 Ego
591 1965 740 1995 Henricus,
755 1964 831 1988 filius
851 1963 996 1996 quondam
1016 1963 1129 1988 domini
1150 1962 1308 1994 Ugutionis
1323 1961 1356 1985 de
1370 1961 1517 1989 Consilve,
1537 1962 1584 1992 qui
1605 1961 1706 1985 habito
1727 1960 1821 1984 Padue
1840 1960 1871 1984 in
1888 1961 2052 1984 centenario
2065 1960 2164 1985 Sancti

320 2010 440 2034 Martini
460 2011 488 2034 et
507 2011 655 2034 contracta
675 2011 772 2034 sancte
787 2009 910 2041 Juliane,
929 2008 1004 2033 sacri
1023 2008 1128 2040 palatii
1150 2008 1290 2035 notarius,
1310 2006 1439 2030 existens
1457 2006 1488 2030 in
1509 2006 1602 2030 officio
1623 2006 1752 2030 comunis
1777 2004 1872 2029 Padue
1898 2005 1932 2029 ad
1958 2005 2067 2029 discum
2093 2004 2166 2030 Leo-

319 2055 410 2087 pardi,
431 2062 524 2078 coram
552 2054 671 2078 domino
697 2054 817 2078 Micaele
842 2053 876 2077 de
901 2053 990 2084 Villa,
1016 2052 1112 2086 judice
1137 2054 1166 2076 et
1190 2051 1306 2076 officiali
1334 2051 1463 2074 comunis
1489 2050 1584 2074 Padue
1611 2050 1645 2074 ad
1672 2049 1792 2078 discum,
1818 2050 1847 2072 iu
1874 2050 2032 2081 potestaria
2058 2049 2166 2074 nobilis

319 2100 425 2123 militis
445 2099 556 2124 domini
578 2098 741 2123 Bailardini
761 2099 795 2122 de
815 2097 970 2130 Nogarolis
991 2097 1025 2121 de
1044 2096 1167 2125 Verona,
1192 2095 1373 2120 honorabilis
1398 2095 1552 2127 potestatis
1577 2094 1708 2118 civitatis
1734 2093 1837 2122 Padue,
1863 2094 1917 2117 hoc
1943 2095 2167 2118 instrumentum

321 2145 464 2177 sumptum
484 2152 518 2168 ex
539 2143 669 2176 exemplo
690 2143 847 2175 supradicti
863 2142 972 2174 Jacobi,
991 2141 1046 2166 filii
1068 2141 1094 2165 d.
1114 2141 1228 2165 Alberti
1256 2140 1290 2164 de
1314 2139 1539 2169 Dalesmaninis,
1566 2141 1710 2170 sumptum
1729 2146 1764 2163 ex
1784 2139 1953 2163 authentico
1979 2140 2167 2173 suprascripti

321 2189 434 2212 Alberti
455 2195 471 2212 a
489 2188 594 2212 Sancta
611 2188 731 2220 Sophia,
751 2187 805 2211 filii
825 2187 979 2218 Albrigetiâ€š
999 2187 1078 2219 jussu
1097 2188 1125 2210 et
1145 2185 1319 2209 auctoritate
1338 2184 1411 2208 dicti
1429 2183 1537 2217 judicis
1551 2184 1723 2215 exemplavi,
1743 2183 1833 2207 nichil
1853 2182 1962 2207 addens
1975 2183 2021 2207 vel
2035 2184 2168 2208 minuens

323 2233 399 2265 quod
419 2241 530 2257 sensum
548 2233 639 2257 variet
659 2233 703 2256 vel
724 2232 898 2256 sentenciam
918 2233 1017 2260 mutet,
1038 2232 1094 2254 nisi
1117 2231 1192 2255 sorte
1213 2231 1242 2254 in
1264 2229 1380 2259 litteris,
1400 2228 1524 2260 syllabis,
1550 2229 1674 2260 punctis,
1690 2228 1805 2259 titulis,
1830 2228 1874 2252 vel
1894 2228 1925 2251 in
1952 2228 2168 2260 composicione

322 2279 492 2308 litterarum,
512 2279 643 2302 currente
663 2284 739 2302 anno
758 2277 871 2301 domini
890 2276 1046 2300 millesimo
1066 2276 1268 2300 trecentesimo
1287 2274 1446 2306 trigesimo,
1467 2273 1631 2297 indictione
1647 2273 1857 2302 tertiadecima,
1876 2273 1922 2296 die
1942 2273 2009 2296 lune
2028 2273 2168 2305 vigesimo

324 2324 417 2353 primo
436 2323 541 2346 mensis
560 2322 638 2353 maii,
658 2321 760 2351 Padue,
781 2323 811 2345 in
830 2322 946 2345 comuni
967 2320 1090 2352 palacio,
1111 2319 1145 2344 ad
1165 2320 1274 2343 dictum
1294 2318 1413 2347 discum,
1432 2318 1613 2349 presentibus
1633 2317 1777 2348 Brigasole
1796 2317 1914 2341 notario
1933 2317 2078 2349 quondam
2098 2318 2171 2342 Bon-

323 2368 444 2391 mercate
463 2366 497 2390 de
516 2368 646 2391 contrata
667 2367 765 2398 pontis
788 2366 1031 2396 Molendinorum,
1059 2365 1175 2388 Matheo
1203 2365 1319 2388 notario
1339 2363 1482 2394 quondam
1497 2362 1639 2394 Johannis
1664 2362 1698 2386 de
1724 2363 1842 2386 Bocono
1867 2362 1900 2385 de
1927 2362 2004 2386 dicta
2028 2363 2170 2392 contrata,

325 2411 428 2436 Cursio
448 2411 564 2435 notario
584 2419 610 2442 q.
630 2411 738 2435 domini
758 2410 825 2435 Veri
847 2410 881 2434 de
900 2411 1031 2434 contrata
1051 2409 1078 2435 S.
1098 2408 1198 2437 Firmi,
1219 2407 1373 2432 Anthonio
1394 2408 1510 2431 notario
1535 2414 1561 2438 q.
1575 2406 1718 2439 Johannis
1738 2407 1771 2430 de
1796 2406 1953 2440 Bacaleriis
1979 2406 2012 2430 de
2037 2408 2169 2430 contrata

325 2457 428 2480 Sancte
447 2456 542 2484 Lucie,
563 2456 686 2480 notariis
706 2457 734 2480 et
753 2456 840 2479 sociis
859 2455 895 2479 ad
915 2455 1025 2479 dictum
1045 2454 1163 2483 discum,
1183 2456 1212 2478 et
1231 2453 1309 2477 aliis,

415 2555 476 2586 Ego
497 2554 673 2583 Franciscus,
690 2553 777 2587 Judex
797 2553 1008 2585 infrascriptuS,
1028 2560 1071 2577 me
1097 2552 1264 2585 subscripsi.

415 2599 476 2631 Ego
495 2598 634 2630 Ricardus
654 2599 687 2622 de
707 2599 888 2630 Lenguaciisâ€š
907 2599 991 2622 testis
1011 2605 1041 2621 ac
1061 2597 1156 2621 socius
1177 2596 1389 2628 infrascriptus,
1410 2602 1451 2619 me
1471 2595 1627 2626 subscripsi
1648 2595 1676 2618 et
1696 2594 1846 2618 ascultavi.

416 2643 446 2667 S.
466 2644 503 2667 iv.
523 2642 582 2674 Ego
591 2643 713 2674 Jacobus
727 2642 856 2673 Orsatus,
869 2642 946 2666 filius
959 2641 1070 2665 domini
1084 2640 1207 2665 Ludoici
1221 2640 1254 2664 de
1267 2639 1389 2670 Orsatis,
1406 2639 1455 2670 qui
1469 2639 1569 2662 habito
1582 2637 1686 2666 Padueâ€š
1702 2639 1731 2662 in
1747 2639 1894 2670 quarterio
1908 2638 2008 2669 pontis
2022 2637 2175 2668 Altinatis,

329 2688 495 2710 centenario
515 2686 614 2711 Sancti
634 2686 725 2710 Blasii
744 2688 771 2710 et
791 2688 923 2710 contrata
942 2685 1030 2718 Burgi
1048 2684 1154 2714 Plebis,
1174 2685 1247 2708 sacri
1268 2683 1375 2717 palacii
1395 2682 1528 2714 publicus
1548 2682 1693 2715 imperiali
1715 2682 1888 2706 auctoritate
1908 2683 2038 2706 notarius
2063 2688 2094 2706 ac
2113 2682 2173 2706 exi-

331 2735 407 2755 stens
427 2739 478 2763 pro
500 2732 614 2756 notario
634 2733 661 2755 et
681 2731 798 2755 officiali
819 2731 949 2755 comunis
968 2731 1064 2755 Padue
1084 2731 1118 2755 ad
1139 2730 1248 2754 discum
1266 2729 1417 2756 Draconis,
1438 2734 1532 2752 coram
1552 2727 1676 2751 discreto
1696 2729 1724 2751 et
1746 2727 1872 2759 sapienti
1892 2728 1956 2750 viro
1976 2726 2002 2750 d.
2021 2726 2176 2751 Francisco

331 2776 364 2799 de
384 2775 530 2806 Consilve,
552 2777 581 2800 in
600 2776 661 2808 jure
681 2776 765 2800 civili
784 2775 951 2804 licenciato,
970 2775 1065 2808 judice
1084 2776 1111 2799 et
1132 2774 1248 2798 officiali
1269 2773 1400 2797 comunis
1420 2772 1515 2796 Padue
1534 2772 1569 2795 ad
1589 2771 1716 2795 eumdem
1737 2771 1846 2796 discum
1865 2771 2017 2800 Draconis,
2037 2772 2067 2794 in
2081 2771 2176 2803 primo

331 2821 468 2852 regimine
488 2821 643 2852 potestarie
663 2821 772 2844 nobilis
791 2822 818 2845 et
838 2820 945 2852 egregii
961 2820 1066 2844 militis
1080 2819 1192 2844 domini
1206 2817 1324 2850 Ricardi
1338 2817 1455 2842 comitis
1475 2817 1508 2840 de
1522 2817 1548 2841 S.
1562 2816 1719 2841 Bonifacio
1739 2816 1772 2840 de
1788 2815 1913 2845 Verona,
1931 2816 2063 2840 civitatis
2082 2815 2176 2840 Padue

330 2865 510 2889 honorabilis
529 2866 691 2898 potestatis,
711 2865 765 2889 hoc
785 2864 982 2897 supradictum
1002 2864 1172 2896 exemplum,
1191 2863 1334 2895 sumptum
1355 2870 1388 2886 ex
1408 2861 1539 2894 exemplo
1559 2862 1747 2893 suprascripti
1773 2861 1890 2885 Henrici
1917 2860 2037 2889 notarii,
2063 2861 2176 2892 sumpto

331 2916 365 2932 ex
386 2909 518 2940 exemplo
538 2910 725 2941 suprascripti
740 2909 839 2940 Jacobi
856 2910 974 2937 notarii,
987 2908 1042 2932 filii
1056 2909 1082 2932 d.
1096 2908 1208 2932 Alberti
1224 2907 1332 2930 notarii
1346 2906 1379 2930 de
1394 2906 1615 2933 Delcsmnninis.
1630 2907 1744 2937 sumpto
1758 2912 1792 2929 ex
1807 2905 1973 2928 authentico
1987 2903 2175 2937 suprascripti

334 2953 448 2977 Alberti
468 2954 577 2978 notarii
595 2960 611 2977 a
630 2954 734 2978 Sancta
751 2953 871 2984 Sophia,
890 2953 946 2976 filii
965 2952 1120 2984 Albrigeti,
1140 2952 1230 2984 ipsius
1250 2951 1362 2975 domini
1382 2949 1658 2982 Francisciâ€šj11dicis
1671 2951 1698 2973 et
1712 2949 1844 2973 officialis
1858 2948 1990 2980 predicti,
2005 2948 2178 2972 auctoritate

335 3001 361 3021 et
381 2999 468 3030 Jussuâ€š
487 2997 609 3022 fideliter
627 2998 730 3030 scripsi
748 2999 775 3022 et
794 2997 964 3030 exemplavi,
986 2997 1077 3021 nichil
1097 2997 1127 3020 in
1148 3003 1180 3020 eo
1200 2995 1307 3020 addens
1326 2994 1371 3019 vel
1391 2995 1521 3018 minuens
1543 2994 1586 3018 vel
1601 2994 1774 3023 cancellans,
1787 2995 1872 3025 prout
1886 2994 1916 3018 in
1931 2992 2029 3017 eodem
2047 2991 2178 3024 exemplo

2180 745 2213 772 10

2185 968 2216 995 15

2185 1190 2221 1217 20

2186 1413 2221 1440 25

2188 1690 2224 1717 30

2194 1958 2229 1986 35

2198 2181 2233 2208 40

2201 2397 2243 2431 45'

2203 2679 2240 2706 50

2207 2901 2241 2927 55
