2290 3449
310 342 353 374 sti
375 341 597 383 sovrascripti
620 341 762 373 fradelli
787 352 856 373 non
880 351 973 372 esser
1002 340 1090 372 stadi
1122 339 1208 372 cita-

312 395 385 426 dini
407 395 442 426 in
467 394 572 431 Pava,
596 405 651 425 ma
674 394 816 436 signori.
863 394 906 425 Et
930 393 1010 432 cosi,
1034 393 1171 425 benche
1189 392 1211 424 'l

311 448 399 479 fatto
424 457 469 478 no
493 447 646 488 seguisse
677 447 713 477 in
744 447 823 478 tutti
853 446 905 486 tri,
938 457 1002 488 pur
1032 446 1068 477 fo
1097 446 1163 478 che
1189 444 1211 476 'l

313 510 433 540 mecan
459 500 502 531 de
519 499 624 542 quisti
640 499 790 537 fradelli,
807 499 867 541 ςοὲ
884 509 995 531 meser
1018 498 1212 530 Marsilieto

311 551 491 594 Papafava
515 553 558 584 da
590 547 749 589 Carrara,
780 552 842 593 [fo]
874 552 1012 594 signore
1043 551 1087 583 de
1119 550 1213 582 Pava

312 611 346 637 et
368 605 406 637 fo
429 605 462 636 el
485 611 608 647 quarto
632 604 727 637 della
751 615 831 636 casa
848 605 892 636 da
911 603 1072 641 Carrara,
1088 603 1212 635 substi-

312 656 409 690 tuido
433 657 563 689 herede
588 659 633 689 da
645 668 757 689 meser
772 657 930 695 Ubertin‚
947 663 1043 698 terco
1060 657 1211 699 signore,

313 721 382 742 non
407 711 471 742 che
497 710 563 742 ello
588 711 620 742 ie
646 711 722 742 fose
746 716 890 742 astretto
914 711 957 742 de
981 711 1085 752 aigun
1102 709 1212 752 grado

314 764 357 795 de
382 773 522 806 sangue,
546 774 602 795 ma
633 774 697 805 per
719 764 882 795 conforto
907 763 950 794 de
975 772 1087 794 meser
1111 762 1213 793 Piero

313 817 407 848 dalla
438 816 687 859 Campagnola,
719 816 750 847 el
782 816 884 858 quale
915 826 975 847 era
998 815 1131 847 vicario
1156 814 1213 847 del

314 869 400 901 ditto
424 879 536 900 meser
560 869 709 901 Ubertin
734 875 767 901 et
790 869 823 900 ai
849 868 1003 911 consegli
1029 869 1086 900 del
1110 868 1212 910 quale

312 923 348 954 in
373 928 460 954 tutto
492 922 561 955 ello
591 923 769 964 remagnia
794 927 972 954 contento.
1018 921 1062 953 Et
1089 926 1212 963 questo

313 975 472 1018 consiglo
496 987 516 1006 a
530 986 642 1007 meser
661 974 807 1007 Ubertin
825 974 857 1005 el
872 974 1065 1006 sovraditto
1090 973 1215 1004 mesier

314 1029 418 1060 Piero
449 1029 529 1061 dala
561 1028 798 1070 Campagnola
822 1037 866 1058 no
892 1027 932 1068 ca
956 1037 1019 1068 per
1042 1027 1123 1063 ben,
1147 1027 1213 1058 che

314 1083 336 1112 'l
368 1083 503 1113 volesse
535 1081 567 1112 al
602 1081 834 1121 sovrascripto
866 1091 977 1111 meser
1009 1079 1213 1115 Massilieto,

314 1146 369 1166 ma
393 1133 523 1176 perche
547 1134 615 1166 ello
640 1134 753 1164 havea
777 1133 1025 1175 grandemente
1050 1132 1161 1164 offeso
1182 1132 1215 1163 el

314 1187 501 1230 magnifico
519 1186 716 1218 chavaliero
731 1196 844 1217 meser
856 1185 980 1217 Nicolo
993 1186 1038 1217 da
1055 1186 1215 1221 Carrara,

314 1251 457 1283 german
482 1241 539 1271 del
556 1240 644 1271 ditto
668 1249 777 1270 meser
800 1237 962 1271 Ubertin.
1010 1239 1056 1270 Et
1079 1237 1214 1269 benche

315 1294 338 1325 'l
358 1294 451 1325 fosse
477 1293 517 1334 ca
540 1299 662 1329 morto,
688 1302 751 1334 per
774 1302 883 1334 paura
908 1291 941 1322 di
973 1291 1042 1323 fioli
1074 1291 1214 1322 Iacomo

315 1353 350 1379 et
380 1346 546 1384 1acomin,
581 1356 625 1387 ay
657 1345 750 1387 quali
782 1345 825 1376 de
858 1355 959 1376 rason
989 1349 1149 1386 spettava
1182 1343 1216 1373 la

314 1398 472 1431 heredita
497 1399 555 1431 del
581 1398 721 1441 prefato
753 1408 866 1430 meser
897 1397 1045 1430 Ubertin
1076 1402 1112 1429 et
1144 1395 1216 1428 cosi

316 1452 408 1485 della
431 1452 584 1494 signoria
608 1462 708 1484 como
734 1451 770 1484 di
793 1451 873 1483 beni
904 1451 1052 1492 paterni,
1074 1451 1107 1481 ie
1132 1460 1216 1481 con-

314 1505 388 1537 seio
413 1511 448 1537 et
472 1505 647 1543 conforto,
663 1504 729 1536 che
745 1505 814 1536 ello
832 1504 977 1536 lassasse
994 1513 1108 1535 meser
1122 1503 1218 1534 Mar-

314 1559 430 1590 silieto
454 1569 492 1590 so
516 1559 646 1590 herede
672 1564 706 1590 et
729 1557 880 1599 signore.
925 1557 968 1588 El
1000 1556 1081 1599 qual
1105 1566 1218 1587 meser

315 1611 509 1643 Marsilieto
534 1611 611 1643 vive
640 1611 669 1642 si
696 1612 812 1653 pocho
847 1611 941 1642 nella
971 1609 1123 1652 signoria
1147 1619 1218 1647 soa,

317 1665 382 1696 che
406 1664 442 1695 di
457 1664 507 1695 lui
524 1674 568 1696 no
585 1675 620 1696 se
638 1665 693 1706 po’
710 1664 844 1696 scriver
867 1673 951 1695 cosa
966 1663 1095 1706 alguna
1118 1668 1217 1694 nota-

316 1717 406 1754 bele‚
419 1717 561 1758 perche.
577 1728 691 1759 apena
704 1717 883 1749 habiando
900 1716 1074 1758 complido
1088 1715 1123 1747 di
1136 1726 1219 1758 qua-

315 1776 415 1802 tanta
442 1771 533 1802 nella
556 1771 719 1813 signoria,
736 1771 875 1803 Iacomo
894 1771 939 1801 da
954 1770 1114 1807 Carrara,
1138 1769 1218 1801 fiolo

318 1824 383 1855 che
408 1825 446 1856 fo
470 1825 513 1857 de
538 1835 653 1856 meser
677 1824 818 1862 Nicolo,
843 1822 1040 1865 vecandose
1071 1822 1218 1865 privado

317 1878 398 1910 dela
421 1878 536 1910 dretta
560 1878 766 1910 hereditade
797 1878 841 1909 de
871 1887 986 1909 meser
1010 1878 1160 1911 Ubertin
1185 1885 1219 1911 et

317 1931 412 1963 della
428 1931 582 1973 signoria
604 1930 695 1963 della
713 1930 781 1962 cita
797 1931 841 1963 de
858 1931 962 1973 Pava,
980 1932 1086 1964 acolti
1104 1937 1218 1974 tempo

319 1991 353 2016 et
368 1984 484 2026 luogo,
508 1984 607 2026 privo
625 1985 657 2016 el
681 1983 768 2016 ditto
785 1994 899 2015 meser
915 1985 1108 2018 Marsilieto
1127 1985 1220 2017 della

318 2037 472 2079 signoria
503 2043 537 2069 et
568 2037 659 2069 della
688 2037 770 2076 vita,
801 2047 901 2069 como
933 2048 969 2069 se
1003 2038 1119 2081 legera
1151 2049 1218 2080 qua

318 2090 478 2131 denanci.

661 209 1170 245 GESTAMAGNIFICA
1197 207 1382 243 DOMUS
1412 207 1810 244 CARRARIENSIS

1265 339 1331 370 due
1348 338 1516 370 dominos.
1564 337 1671 376 Quod
1687 345 1721 372 et
1736 341 1838 372 etiam
1862 341 1890 373 si
1914 351 1982 373 non
2005 341 2040 372 in
2057 339 2165 372 tribus

1264 392 1358 433 ipsis,
1383 391 1415 422 in
1434 390 1544 423 altero
1559 392 1664 423 trium
1687 399 1842 424 secutum
1859 400 1921 432 est,
1936 400 1974 425 ut
1990 394 2047 425 hic
2070 399 2164 425 tran-

1265 444 1366 476 sitive
1402 444 1608 486 pertingam.
1654 445 1699 476 Hi
1733 446 1824 477 enim
1864 447 1990 478 fratres
2029 446 2163 478 domini

1266 498 1409 528 fuerunt
1424 497 1461 527 in
1486 496 1625 528 civitate
1643 503 1815 539 potentes,
1831 498 1868 530 in
1882 500 1986 531 armis
2011 506 2045 532 et
2067 499 2165 541 equis

1265 549 1449 591 splendidi,
1484 549 1674 581 amicorum
1715 556 1751 581 et
1785 553 1950 593 precipue
1985 558 2164 594 potentum

1265 602 1416 644 presidio
1443 602 1571 640 vallati,
1590 613 1709 634 eorum
1725 603 1886 635 affinitate
1903 605 2166 647 quampluribus

1265 655 1402 692 annexi,
1435 665 1538 696 opum
1569 665 1708 687 suarum
1738 655 1901 688 liberales
1932 668 1973 689 ae
2003 657 2164 695 munifici,

1266 718 1334 740 non
1360 708 1529 740 mediocri
1555 715 1623 739 tam
1649 709 1693 739 ad
1710 707 1844 740 nobiles
1861 720 1962 751 quam
1979 711 2025 742 ad
2041 710 2165 753 vulgus

1266 761 1399 792 honore
1423 760 1530 792 habiti
1555 771 1620 792 nec
1644 762 1833 799 immerite;
1855 768 2027 804 quartum,
2042 774 2164 795 secun-

1267 814 1348 846 dum
1380 824 1510 850 eorum,
1545 812 1680 846 scilicet
1715 815 1890 846 dominum
1926 814 2166 854 Marsilietum,

1266 867 1468 909 magnificus
1485 867 1642 898 dominus
1667 867 1870 905 Ubertinus,
1888 867 2008 900 tertius
2024 868 2069 898 de
2082 867 2167 899 Car-

1267 920 1357 951 raria
1388 919 1505 951 Padue
1535 920 1707 958 dominus,
1739 920 1881 952 dominii
1916 920 2066 952 civitatis
2101 920 2167 952 Pa-

1267 973 1334 1003 due
1358 972 1421 1003 sibi
1445 973 1615 1005 substituit
1643 973 1818 1005 heredem.
1864 974 1945 1006 Non
1976 974 2070 1015 quod
2101 973 2168 1014 ipsi

1267 1026 1451 1067 magnifico
1477 1026 1615 1058 domino
1639 1026 1810 1058 Ubertino
1843 1026 1912 1058 ulla
1935 1033 2051 1058 tamen
2075 1026 2168 1058 foret

1267 1078 1442 1120 sanguinis
1466 1078 1628 1110 affinitate
1661 1079 1878 1118 coniunctus,
1907 1080 1968 1112 sed
1998 1080 2167 1111 suadente

1268 1130 1407 1162 domino
1431 1130 1446 1147 *
1460 1130 1503 1148 *³¹⁵
1516 1130 1541 1169 *‚
1560 1132 1667 1173 ipsius
1683 1132 1815 1164 domini
1841 1132 2001 1165 Ubertini
2024 1132 2168 1170 vicario,

1269 1190 1304 1215 et
1319 1184 1418 1215 cuius
1434 1185 1587 1216 consiliis
1603 1187 1639 1216 in
1658 1186 1816 1218 omnibus
1833 1185 2089 1228 acquiescebat,
2103 1195 2168 1216 nec

1268 1237 1369 1268 etiam
1401 1237 1476 1279 ipse
1512 1239 1671 1270 dominus
1701 1237 1803 1255 ****
1835 1238 1992 1281 predicto
2025 1238 2168 1270 domino

1268 1289 1438 1322 Ubertino
1462 1291 1573 1332 ipsum
1598 1292 1773 1323 dominum
1798 1292 2041 1330 Marsilietum,
2061 1302 2168 1333 quan-

1267 1348 1339 1374 tum
1378 1343 1489 1385 ipsum
1527 1344 1702 1387 diligeret,
1740 1345 1849 1377 suasit
1886 1345 2066 1382 heredem,
2108 1344 2170 1376 sed

1269 1396 1349 1437 quia
1373 1397 1594 1439 magnificum
1618 1398 1796 1430 dominum
1814 1398 1999 1430 Nicolaum
2025 1399 2069 1430 de
2086 1398 2170 1430 Car-

1269 1448 1371 1487 raria,
1398 1449 1503 1491 ipsius
1535 1451 1666 1482 domini
1701 1450 1861 1483 Ubertini
1891 1462 2104 1494 germanum,
2136 1457 2170 1482 et

1269 1503 1315 1533 ad
1346 1513 1448 1544 quem
1471 1502 1578 1544 ipsius
1608 1504 1782 1536 successio
1813 1504 2021 1545 pertinebat,
2044 1513 2170 1546 magno

1271 1554 1421 1587 habebat
1450 1556 1576 1588 timori.
1630 1557 1720 1588 Nam
1753 1557 1866 1599 ipsum
1899 1557 2074 1589 dominum
2107 1556 2169 1588 Ni-

1271 1608 1406 1640 colaum
1443 1607 1575 1641 domini
1608 1609 1787 1642 Marsilius
1817 1611 1959 1653 grandis
1992 1616 2028 1642 et
2057 1609 2170 1642 Uber-

1271 1660 1363 1693 tinus
1385 1661 1429 1693 ab
1452 1661 1538 1694 urbe
1563 1663 1776 1705 dejecerunt,
1800 1664 1962 1696 timentes
1978 1674 2032 1700 ne,
2050 1663 2080 1694 si
2096 1662 2169 1704 ipse

1271 1714 1460 1746 dominium
1485 1715 1636 1754 civitatis
1667 1723 1882 1758 occupasset,
1916 1717 2010 1759 quod
2041 1716 2086 1747 de
2118 1716 2171 1748 fa-

1272 1767 1330 1799 cili
1347 1774 1493 1809 poterat,
1511 1769 1586 1810 ipse
1610 1769 1701 1811 ipsos
1726 1770 1898 1802 eiecisset.
1946 1768 2027 1806 Qui,
2051 1770 2171 1801 exclu-

1271 1831 1309 1853 so
1338 1822 1415 1863 ipso
1447 1822 1588 1853 domino
1621 1823 1778 1860 Nicolao,
1810 1823 1883 1854 sine
1914 1823 2061 1855 alicuius
2092 1832 2171 1864 pos-

1271 1874 1365 1906 sibili
1388 1874 1566 1907 edictione
1591 1877 1809 1917 postmodum
1828 1877 1871 1908 de
1897 1876 2038 1908 civitate
2056 1876 2172 1918 dispo-

1273 1937 1356 1960 nere
1393 1939 1455 1970 pro
1487 1928 1585 1960 libito
1617 1935 1789 1971 poterunt.
1836 1928 2029 1962 substituto
2065 1929 2171 1972 igitur

1272 1981 1413 2014 domino
1438 1981 1631 2014 Marsilieto
1656 1983 1787 2014 domini
1804 1982 1966 2025 Ubertini
1982 1983 2112 2014 herede
2137 1988 2172 2014 et

1273 2035 1424 2068 civitatis
1447 2034 1567 2066 Padue
1601 2036 1738 2068 domino
1772 2042 1805 2068 et
1836 2036 1938 2068 etiam
1969 2041 2171 2078 premortuo

1273 2090 1414 2122 domino
1439 2089 1596 2126 Nicolao,
1619 2090 1697 2121 filiis
1721 2089 1856 2121 duobus
1880 2090 2026 2121 audacis
2046 2089 2172 2121 indolis

1273 2144 1433 2181 dimissis,
1457 2144 1607 2175 dominis
1630 2144 1766 2176 scilicet
1790 2143 1920 2176 Iacobo
1945 2150 1979 2176 et
2005 2143 2170 2175 Iacobino

1272 2197 1316 2228 de
1339 2195 1512 2234 Carraria,
1537 2197 1629 2228 idem
1653 2197 1812 2229 dominus
1839 2197 2054 2229 Marsilietus
2069 2206 2172 2228 omne

1271 2249 1425 2281 infelicis
1449 2249 1597 2281 civitatis
1620 2249 1740 2281 Padue
1766 2250 1956 2282 dominium
1980 2249 2173 2291 assumpsit,

1271 2303 1307 2334 in
1323 2313 1391 2344 quo
1408 2302 1492 2334 nihil
1503 2303 1610 2345 gessit
1623 2304 1803 2345 egregium
1817 2304 2029 2346 dignumque
2043 2309 2171 2335 notatu.

1274 2356 1361 2387 Nam
1385 2356 1442 2387 vix
1465 2362 1608 2397 peracto
1637 2357 1781 2388 dominii
1811 2358 1864 2388 sui
1896 2357 1952 2388 die
1978 2356 2173 2399 quadrage-

1271 2409 1368 2445 simo,
1393 2408 1546 2440 violente
1572 2410 1690 2441 mortis
1714 2410 1838 2441 vulnus
1854 2420 2052 2451 supremum
2068 2418 2172 2440 acce·

1272 2462 1333 2503 pit,
1357 2472 1434 2493 cum
1459 2462 1580 2503 justior
1603 2462 1734 2494 domini
1757 2462 1923 2495 Ubertini
1939 2462 2053 2499 heres,
2077 2462 2173 2493 Iaco-

1273 2515 1336 2546 bus
1359 2515 1403 2546 de
1428 2515 1600 2553 Carraria,
1613 2516 1775 2559 injustum
1793 2516 2044 2559 dedignaretur
2060 2515 2174 2557 prela-

1272 2573 1342 2599 tum
1368 2568 1431 2599 sibi
1455 2569 1531 2600 fore
1555 2579 1802 2601 successorem.
1849 2569 1939 2601 Nam
1971 2569 2081 2611 ipsum
2113 2568 2174 2600 do-

1272 2621 1400 2652 minum
1418 2621 1645 2654 Marsilietum
1670 2623 1744 2664 ipse
1768 2623 1917 2655 Iacobus
1932 2623 1975 2654 de
1999 2620 2172 2659 Carraria,

1271 2673 1398 2705 idoneo
1423 2682 1595 2716 occupato
1619 2681 1788 2718 tempore,
1813 2676 1967 2708 dominio
1991 2680 2026 2706 et
2041 2674 2112 2706 vita
2127 2674 2172 2705 si-

1273 2726 1344 2758 mul
1374 2727 1512 2758 exemit.
1558 2728 1640 2761 Post
1667 2729 1766 2761 cuius
1790 2734 1947 2766 mortem,
1977 2727 2172 2759 reluctante

1273 2779 1422 2817 nemine,
1448 2780 1593 2812 liberum
1619 2782 1768 2814 civitatis
1783 2781 1972 2814 dominium
1992 2780 2082 2813 liber
2098 2781 2172 2824 ipse

1274 2832 1432 2865 dominus
1457 2835 1649 2876 assumpsit.

2198 818 2236 848 10

2199 1085 2236 1116 15

2197 1352 2239 1382 20

2197 1616 2239 1648 25

2198 1884 2241 1915 30

2199 2149 2240 2182 35

2200 2416 2242 2448 40

2201 2682 2240 2714 45
