2290 3449
237 2768 267 2784 10

235 2977 263 3002 ¹5

318 359 413 392 XXI.
440 378 479 382 —-
506 358 648 391 Domini
676 359 811 390 Iacomo
838 359 989 401 grande,
1015 359 1212 405 Perenfano

402 424 484 445 over
507 412 625 449 Piero,
654 412 866 457 Pieroconle,
881 411 1042 455 fradelli.

403 518 454 552 67.
480 517 558 558 [29].
583 534 626 539 -
649 516 810 548 Succede
835 517 907 548 fioli
930 528 951 549 a
974 528 1084 550 meser
1116 519 1211 551 Mar-

311 574 399 610 silio,
421 571 502 603 fiolo
527 571 593 602 che
618 571 654 602 fo
679 571 723 602 de
755 580 868 602 meser
894 571 1032 603 Iacomo
1056 573 1100 604 da
1124 573 1209 605 Car-

310 637 388 657 rara
403 624 423 657 ¹.
471 625 523 656 De
541 624 653 666 questi
668 623 711 654 tri
729 623 867 655 fradelli
885 624 916 656 io
935 630 1034 657 trovo
1058 625 1116 656 dal
1134 626 1209 657 mil-

311 679 494 711 ledusento
530 683 682 709 nonanta
705 677 802 718 septe
837 678 872 708 in
896 688 974 709 suso
998 688 1139 720 compre
1165 680 1208 710 de

311 732 418 764 molte
442 737 476 763 et
499 729 752 762 innumerabile
776 730 968 771 possession
993 731 1029 763 in
1052 731 1156 770 Pava,
1174 732 1208 763 in

312 783 470 825 Cartura,
505 783 542 815 in
576 783 777 814 Moncelese
815 789 849 815 et
884 783 961 815 altri
998 784 1104 827 luogi.
1149 785 1210 817 Ma

311 837 440 879 perche
465 837 497 867 io
526 846 630 878 posso
662 846 791 877 provar
822 837 854 868 la
886 837 1150 879 magnificencia
1176 844 1210 870 et

310 891 489 933 grandeca
512 899 572 921 soa
596 899 658 930 per
674 899 755 920 cose
772 889 838 921 alte
863 895 897 920 et
920 890 977 931 piu
994 891 1126 922 famose
1144 891 1209 922 cha

310 953 373 985 per
396 953 577 984 comprare
606 942 649 973 de
681 943 907 983 possessione,
929 944 1061 975 lasserb
1084 950 1153 976 star
1177 945 1208 975 le

309 997 403 1028 dicte
429 1006 602 1036 compare.

393 1637 446 1669 68.
471 1635 549 1677 [30].
573 1653 613 1658 -
635 1635 690 1666 Ne
714 1635 829 1667 l'anno
854 1634 911 1666 del
934 1634 1082 1678 Signore
1105 1635 1200 1667 mille

300 1695 451 1723 tresento
475 1688 694 1731 quatordese‚
710 1688 830 1719 siando
855 1687 887 1720 la
902 1698 1029 1730 guerra
1043 1688 1200 1730 grandis-

301 1745 387 1776 sima
409 1750 462 1775 tra
485 1742 516 1773 el
541 1752 665 1774 comun
691 1742 734 1774 de
760 1741 853 1773 Pava
883 1741 928 1773 da·
950 1752 1018 1772 una
1042 1748 1140 1783 parte
1166 1748 1199 1774 et

301 1806 413 1829 meser
445 1795 518 1827 Can
550 1796 629 1827 dala
659 1793 762 1827 Scala
798 1795 842 1826 da
873 1793 986 1826 l’altra
1022 1801 1129 1837 parte,
1166 1795 1197 1827 el

300 1850 410 1892 primo
442 1849 477 1880 di
502 1848 726 1890 sovrascripti
748 1847 793 1879 tri
816 1847 969 1886 fradelli,
1000 1847 1063 1889 ςοὲ
1087 1858 1199 1880 meser

299 1903 437 1934 Iacomo
454 1903 599 1945 grande,
620 1912 686 1934 con
711 1911 820 1932 meser
835 1901 970 1942 Poncin
995 1901 1030 1932 di
1054 1901 1196 1943 Poncon

300 1957 344 1988 da
369 1955 551 1993 Cremona,
577 1955 685 1986 allora
708 1954 854 1995 podest&
873 1953 918 1985 de
941 1953 1046 1992 Pava,
1071 1961 1105 1987 et
1129 1965 1196 1987 con

298 2015 386 2041 tutta
408 2010 442 2040 la
466 2008 650 2040 cavallaria
682 2018 814 2049 pavana
845 2008 892 2038 fe'
916 2018 985 2038 una
1009 2008 1197 2040 cavalcada

299 2073 319 2093 a
335 2062 501 2102 Vicenca.
540 2061 585 2092 Al
602 2061 680 2103 qual
695 2060 799 2103 luogo
823 2060 881 2091 elli
897 2070 1002 2101 conse
1019 2060 1051 2092 la
1068 2061 1195 2093 matina

298 2125 341 2147 ne
373 2115 531 2153 l’aurora,
562 2120 607 2151 et,
638 2113 808 2146 assaltado
839 2114 871 2145 el
907 2114 1017 2156 borgo
1048 2113 1092 2146 de
1124 2114 1193 2146 San

299 2167 414 2205 Piero,
432 2167 548 2210 quello
567 2178 666 2208 prese
690 2166 759 2198 alla
777 2166 887 2208 prima
911 2166 1046 2203 bataia;
1065 2167 1096 2198 el
1113 2168 1194 2210 qual

299 2221 407 2264 borgo
432 2220 544 2253 subito
561 2220 598 2252 fo
615 2226 701 2251 tutto
720 2225 819 2261 posto
835 2231 855 2251 a
869 2219 988 2261 preda.
1026 2219 1096 2252 Nel
1113 2222 1195 2263 qual

387 2377 394 2391 ¹
416 2379 456 2402 La
477 2375 625 2402 notorieta
645 2377 689 2401 del
710 2378 805 2409 primo
825 2377 868 2401 dei
890 2379 932 2402 tre
955 2378 1013 2410 figli
1039 2378 1066 2401 di
1091 2378 1192 2402 Marsi-

296 2422 346 2448 liov
366 2420 518 2449 Glacomo,
539 2420 589 2444 che
610 2421 638 2443 fu
658 2420 680 2443 il
701 2420 795 2451 primo
815 2421 930 2451 signore
949 2420 979 2443 di
998 2420 1122 2451 Padova,
1150 2421 1193 2444 di-

297 2471 398 2495 spensa
419 2463 454 2486 da
469 2462 635 2493 particolar-i
658 2462 769 2485 notizie
788 2462 959 2493 biografiche
980 2461 1027 2493 (cf.
1051 2462 1095 2486 del
1115 2463 1191 2486 resto

297 2506 422 2533 PADRIN,
444 2505 470 2529 ll
489 2505 646 2535 principale
666 2504 696 2527 di
720 2504 841 2528 (liacomo
861 2505 896 2528 cla
924 2505 1057 2534 Curram,
1083 2505 1139 2532 cit..
1165 2511 1192 2535 p.

299 2555 330 2571 10
350 2555 426 2578 sgg.3
452 2547 545 2570 ZOsz
573 2547 616 2575 A.,
646 2545 863 2570 L‘ordinamenlo
887 2548 1021 2571 commuue
1046 2547 1190 2576 padovano

296 2591 367 2613 nella
387 2590 497 2613 secanda
518 2588 586 2612 met&
607 2589 652 2612 del
675 2597 726 2612 sec.
750 2589 841 2616 Xlll,
867 2589 895 2612 in
925 2587 1135 2612 “Miscellanea
1160 2588 1187 2612 di

295 2633 307 2646 “
319 2632 413 2655 Storla
433 2631 541 2654 Veneta
554 2649 576 2661 η,
597 2631 653 2654 vol.
668 2631 703 2659 V,
716 2637 742 2662 p.
761 2630 805 2654 181
822 2638 896 2662 sgg.;
913 2630 1038 2659 Eat—om,
1054 2632 1164 2654 Comum*
1176 2639 1189 2654 e

296 2674 424 2705 διζρηονῐε
438 2675 482 2696 nel
503 2674 596 2697 Veneto
609 2674 653 2696 nel
665 2680 714 2696 sec.
730 2673 811 2702 A’ll’,
829 2673 875 2696 nel
891 2672 947 2695 vol.
965 2673 977 2685 “
989 2673 1044 2696 Dal
1059 2672 1188 2697 Comune

295 2716 375 2740 “alla
396 2716 530 2747 Signorin
544 2732 567 2745 „,
589 2716 716 2743 Fir-enm,
736 2714 893 2745 Vallecchi,
917 2721 990 2747 1929,
1013 2723 1037 2746 p.
1060 2722 1092 2746 59
1112 2722 1187 2747 §gg-3

293 2757 412 2786 SALZER,
438 2758 522 2782 Ueber
542 2757 584 2780 die
600 2758 731 2789 Azqf'iinge
746 2758 794 2781 der
814 2757 943 2789 Siguorie
965 2757 990 2780 in
1010 2757 1186 2786 Oberitalieu,

294 2801 399 2828 Berlin,
418 2807 491 2831 1900,
508 2808 532 2832 p.
545 2806 596 2830 240
610 2801 689 2831 εἶξα).
714 2799 779 2823 Νοη
791 2798 805 2823 ὀ
819 2799 926 2823 dubbio
937 2799 1038 2831 ch'egli
1051 2799 1185 2823 discenda

294 2844 492 2866 (lirettamente
513 2843 546 2866 da
567 2842 710 2870 Marsllio,
730 2841 809 2873 figlio
829 2842 856 2865 di
878 2842 1017 2866 Giacomo
1038 2842 1065 2865 di
1081 2841 1185 2865 Giaeo-

292 2886 384 2908 mino:
406 2884 450 2908 ςίὸ
471 2886 512 2908 sia
532 2885 612 2908 detto
632 2892 681 2916 per
702 2884 854 2915 sciogliere
880 2884 976 2913 dubbi⁷
1002 2884 1051 2908 che
1078 2884 1099 2907 ll
1126 2891 1184 2907 rac-

291 2929 376 2950 conto
397 2927 425 2950 di
446 2927 578 2955 cronisti,
603 2934 657 2950 con
684 2926 935 2957 l‘iuterpolazione
960 2934 976 2949 o
1004 2927 1030 2949 la
1057 2926 1182 2957 duplica-

289 2971 372 2992 zione
392 2969 420 2992 di
443 2970 621 3000 pottrsonaggi=
641 2969 776 3001 potrebbe
797 2968 840 2992 far
859 2976 971 2999 sorgere
990 2967 1038 2999 (cf.
1052 2967 1183 2996 Cnoxmo.

293 3012 390 3035 Albera
410 3012 465 3040 eit..
488 3019 514 3042 p.
533 3010 566 3041 38
586 3010 666 3043 sgg.).
698 3011 783 3034 Meno
798 3012 860 3034 noti
876 3017 947 3034 sono
963 3011 969 3033 i
987 3010 1093 3035 fratelli
1108 3011 1180 3040 suoi,

675 227 847 262 GESTA
875 227 1179 262 MAGNIFICA
1209 227 1394 262 DOMUS
1422 227 1809 265 CARRARIENSIS

1267 358 1363 390 XXI.
1382 376 1423 380 --
1440 358 1584 390 Domini
1604 359 1743 392 Iacobus
1761 361 1922 402 grandis,
1949 360 2166 392 Perenzanus

1353 412 1425 443 sive
1448 412 1585 449 Petrus,
1609 413 1737 444 Petrus
1761 414 1885 452 Comes,
1900 414 2053 457 fratres.

1354 518 1406 552 67.
1423 518 1501 559 [29].
1520 536 1561 542 —-
1577 519 1726 552 Domino
1744 520 1912 560 Marsilio,
1930 521 2000 553 filio
2018 521 2050 553 d.
2066 520 2165 553 Iaco-

1264 572 1309 610 bi,
1343 573 1402 604 filii
1438 579 1692 605 successerunt.
1740 575 1980 608 Successionis
2018 585 2164 617 quorum

1263 626 1349 658 illud
1373 636 1438 669 ego
1471 632 1607 668 tempus
1638 627 1835 669 legentibus
1864 627 1977 665 trado,
2009 628 2101 670 quod
2129 628 2165 658 in

1263 678 1479 711 documentis
1502 680 1544 711 de
1568 679 1651 720 ipsis
1668 679 1890 722 loquentibus
1908 681 2056 722 reperio,
2073 690 2164 712 anno

1263 732 1401 765 Domini
1424 733 1557 764 scilicet
1581 732 1763 764 millesimo
1787 733 2029 765 ducentesimo
2057 743 2165 765 nona-

1263 785 1576 827 gesimo'septimo.
1620 785 1668 831 Hi
1692 785 1843 817 fratres²
1866 786 1930 818 viri
1954 787 2095 818 fuerunt
2126 787 2164 817 li-

1262 839 1398 871 berales
1411 845 1445 870 et
1458 839 1640 881 magnifici,
1655 849 1757 880 opum
1774 839 2010 880 prepollentes
2023 840 2163 871 affluen-

1261 892 1327 929 cia,
1351 892 1539 924 amicorum
1564 891 1781 924 multitudine
1799 897 1833 923 et
1856 893 2013 933 potentia
2029 894 2163 925 cunctis

1261 946 1366 978 totius
1382 945 1543 977 Marchie
1561 943 1777 987 magnatibus
1796 945 1973 987 prepositi,
1990 946 2036 977 ad
2052 945 2164 987 publi-

1262 1008 1303 1030 ca
1328 998 1511 1030 commoda
1541 1009 1677 1040 semper
1709 997 1908 1037 innitentes,
1937 998 2162 1041 magnanimi,

1262 1053 1433 1083 factorum
1463 1051 1653 1093 ingentium
1681 1059 1915 1093 aggressoreS,
1944 1049 1988 1081 de
2018 1049 2160 1081 civitate

1261 1115 1331 1136 non
1348 1114 1446 1136 secus
1462 1114 1564 1146 quam
1583 1103 1713 1136 domini
1729 1113 1793 1146 pro
1807 1102 1904 1134 libito
1919 1101 2161 1144 disponebant,

1260 1158 1357 1199 quod
1384 1157 1420 1188 in
1450 1157 1673 1200 sequentibus
1702 1155 1844 1188 docebit
1873 1155 2030 1187 effectus.
2078 1154 2160 1193 Qui,

1261 1210 1323 1241 etsi
1340 1211 1507 1252 quosdam
1525 1211 1658 1242 emulos
1673 1210 1848 1242 habebant
1864 1220 1907 1241 ex
1926 1208 2085 1252 potentie
2101 1218 2160 1240 sue

1259 1267 1356 1294 tante
1380 1263 1522 1300 invidia,
1546 1264 1636 1295 adeo
1653 1269 1768 1296 tamen
1788 1269 1887 1295 erant
1903 1262 2016 1304 patrie
2033 1267 2161 1293 amato-

1259 1325 1315 1346 res
1339 1321 1373 1348 et
1389 1327 1410 1347 a
1426 1315 1562 1347 civibus
1587 1316 1718 1354 dilecti,
1735 1317 1839 1359 quod,
1857 1326 1933 1347 cum
1947 1316 2032 1357 ipsis
2048 1314 2160 1352 libuit,

1259 1368 1468 1409 impotentes
1491 1368 1594 1400 emuli
1620 1369 1761 1411 dignam
1785 1369 1838 1401 sui
1862 1380 1903 1401 ac
1934 1368 2055 1410 populi
2083 1378 2160 1400 sen-

1259 1426 1377 1453 serunt
1406 1421 1693 1463 indignationem.
1741 1421 1874 1454 Horum
1906 1420 2089 1453 consilium
2117 1431 2158 1451 ac

1259 1474 1447 1506 subsidium
1477 1474 1634 1516 oppressi
1671 1475 1766 1507 cives
1796 1486 1860 1516 pro
1890 1479 1988 1506 scuto
2023 1484 2158 1516 semper

1262 1526 1445 1560 habebann

1343 1635 1395 1667 68.
1428 1634 1508 1677 [30].
1541 1653 1584 1657 -
1613 1634 1666 1666 Ex
1700 1634 1808 1667 tribus
1848 1633 1987 1666 autem³
2024 1633 2156 1675 primus

1252 1688 1401 1732 genitus,
1426 1689 1583 1721 dominus
1601 1687 1746 1720 Iacobus
1762 1688 1904 1730 grandis
1920 1687 1965 1719 de
1983 1686 2155 1724 Carraria,

1252 1741 1391 1783 vigente
1415 1741 1566 1784 guerra‘
1598 1741 1687 1772 inter
1715 1741 1892 1772 dominum
1916 1740 2048 1772 Canem
2073 1740 2154 1771 dela

1251 1793 1355 1827 Scala
1379 1802 1477 1837 parte
1501 1806 1543 1827 ex
1558 1805 1627 1827 una
1642 1800 1675 1826 et
1692 1804 1837 1826 comune
1854 1795 1973 1826 Padue
1990 1800 2086 1836 parte
2111 1803 2154 1825 ex

1251 1848 1372 1886 altera,
1397 1849 1478 1881 dum
1502 1849 1609 1881 semel
1633 1859 1711 1880 cum
1736 1849 1827 1880 omni
1852 1848 1974 1880 militia
1990 1848 2152 1889 paduana

1250 1907 1284 1934 et
1306 1902 1447 1934 domino
1476 1902 1635 1934 Poncino
1666 1901 1710 1933 de
1743 1901 1964 1942 Ponconibus
1994 1901 2038 1933 de
2068 1901 2152 1933 Cre-

1249 1965 1361 1993 mona,
1392 1961 1473 1987 tunc
1508 1955 1626 1987 Padue
1658 1961 1838 1996 potestate,
1868 1965 1971 1985 manu
2007 1961 2150 1995 armata,

1249 2019 1339 2040 anno
1356 2009 1496 2041 Domini
1519 2008 1683 2040 videlicet
1707 2007 1955 2045 MCCCXIIII,
1973 2008 2015 2039 de
2032 2017 2149 2040 mense

1248 2061 1462 2104 septembris,
1486 2061 1693 2093 Vicenciam
1718 2060 1916 2103 equitasset,
1936 2070 2003 2103 quo
2022 2061 2059 2092 in
2075 2061 2149 2093 diei

1246 2125 1368 2148 aurora
1405 2114 1656 2156 applicuerunt,
1696 2123 1843 2155 moxque
1882 2123 1998 2156 pugna
2034 2113 2145 2155 prima

1245 2174 1383 2210 captum
1423 2167 1568 2211 burgum
1609 2167 1730 2199 Sancti
1762 2166 1857 2198 Petri
1891 2172 2000 2198 totum
2037 2167 2144 2208 prede

1246 2226 1490 2264 exposuerunt.
1536 2221 1606 2252 Sed
1624 2231 1664 2252 ea
1680 2219 1738 2251 die
1762 2225 1841 2261 post
1864 2229 1989 2251 nonam
2015 2219 2059 2251 de
2076 2219 2146 2251 Ve-

1247 2378 1375 2402 dell'uno
1395 2377 1441 2402 dei.
1461 2377 1548 2409 quali,
1567 2377 1742 2406 Perenzano,
1763 2384 1819 2400 non
1834 2377 1857 2399 si
1872 2374 1929 2408 pub
1943 2376 2144 2400 documentare

1246 2421 1448 2444 direttamente
1468 2421 1494 2444 la
1515 2418 1668 2451 paternit-³1,
1687 2419 1733 2443 del
1747 2421 1832 2447 resto,
1848 2426 1904 2442 non
1919 2419 2023 2442 dubbia
2037 2417 2143 2450 (Cssot-

1245 2470 1290 2491 Do,
1311 2463 1420 2490 Albero,
1439 2470 1467 2495 p.
1491 2460 1546 2494 33),
1567 2462 1612 2485 nel
1635 2469 1752 2485 comune
1777 2461 1967 2493 capostipite3
1986 2460 2142 2491 dell’altro,

1244 2504 1328 2528 Piero
1349 2504 1451 2534 Conte,
1471 2503 1485 2528 'e
1505 2502 1555 2535 piu
1569 2505 1661 2528 sicura
1676 2504 1736 2531 (ivi,
1752 2512 1777 2536 p.
1791 2505 1847 2534 32),
1862 2510 1905 2527 ma
1924 2503 1981 2533 egli
2002 2505 2141 2527 trascorse

1243 2547 1324 2578 quasi
1344 2547 1534 2570 inusservato.
1572 2546 1613 2570 La
1634 2543 1779 2570 notoriets
1793 2546 1821 2570 di
1841 2544 2005 2569 Perenzano
2019 2544 2033 2569 ὲ
2047 2545 2139 2577 legata

1244 2598 1258 2614 a
1278 2589 1371 2622 quella
1391 2589 1435 2613 del
1450 2589 1540 2621 fiino,
1554 2589 1696 2618 marsilio,
1716 2590 1767 2613 che
1782 2589 1811 2612 su
1827 2595 1987 2613 successore
2001 2588 2077 2612 dello
2092 2589 2138 2612 zio

1242 2632 1380 2656 Giacomo
1400 2640 1414 2656 e
1429 2632 1553 2656 secondo
1573 2633 1700 2663 signore,
1721 2633 1829 2655 mentre
1849 2631 1870 2654 il
1890 2638 1970 2654 ramo
1985 2630 2093 2654 diretto
2113 2632 2136 2654 si

1240 2676 1355 2706 estinse‚
1377 2681 1425 2707 per
1445 2674 1471 2698 la
1492 2676 1582 2698 morte
1601 2673 1756 2698 dell'unico
1776 2673 1865 2705 figlio.
1886 2673 2006 2702 Mllone,
2027 2674 2137 2697 vissuto

1241 2717 1325 2748 pochi
1345 2717 1423 2740 anni.

1241 2760 1330 2783 morte
1349 2758 1379 2782 dl
1400 2759 1484 2782 Piero
1506 2758 1600 2782 Conte
1619 2766 1633 2782 e
1653 2758 1702 2791 pol
1722 2758 1749 2782 di
1770 2757 1912 2781 Marsilio.

1328 2798 1339 2815 ²
1360 2800 1373 2813 ‘¹
1384 2801 1420 2824 Hi
1449 2801 1548 2824 fratres
1576 2800 1632 2824 viri
1657 2813 1688 2817 —
1710 2807 1819 2832 semper
1838 2799 1980 2823 habebant
1992 2817 2015 2829 Π,
2043 2799 2077 2823 da
2101 2800 2135 2829 A,

1239 2850 1260 2866 c.
1283 2848 1296 2865 2
1319 2859 1324 2866 .

1299 2849 1335 2899 9³
1354 2884 1367 2896 ‘¹
1382 2884 1421 2907 Ex
1440 2884 1531 2907 tribus
1552 2886 1644 2908 autem
1666 2897 1698 2901 —
1720 2883 1885 2915 perduravit
1898 2900 1919 2912 .,.
1941 2883 1976 2906 da
1995 2883 2028 2913 A,
2050 2891 2072 2907 c.
2085 2889 2128 2914 30.

1462 2717 1560 2740 Anche
1586 2716 1682 2747 quello
1709 2716 1822 2740 cadetto
1849 2717 1873 2739 si
1898 2715 2004 2740 estinse
2030 2723 2082 2739 con
2109 2714 2135 2739 la
2166 2723 2178 2740 2

2196 900 2234 930 10

2187 1431 2229 1461 20

2182 1740 2224 1771 25

2178 2007 2220 2039 30

2169 2509 2203 2527 20

1326 2925 1336 2940 ⁴
1361 2927 1372 2939 ‘⁴
1385 2926 1507 2958 Vigente
1526 2933 1626 2958 guerra
1642 2940 1669 2943 —
1685 2928 1764 2958 parte
1783 2933 1817 2950 ex
1838 2925 1927 2949 altem
1939 2943 1951 2955 ‚,
1969 2934 2002 2946 =
2016 2924 2129 2950 Mussn-
2162 2931 2196 2956 30

1236 2975 1282 2997 το,
1298 2969 1339 2992 De
1349 2968 1437 2999 gestis
1460 2969 1532 2997 Παλ,
1553 2968 1598 2998 lv,
1625 2975 1634 2992 ι
1656 2967 1756 2999 (Mum,
1771 2967 1804 2997 X,
1818 2965 1898 2998 607):
1914 2966 1927 2978 “
1941 2967 2014 2991 Belli
2028 2968 2129 2996 luicio,

1238 3009 1338 3041 “quod
1358 3017 1421 3033 cum
1443 3009 1520 3034 Cane
1537 3010 1638 3041 grandi
1661 3012 1726 3042 post
1746 3011 1857 3041 gestum
1877 3011 1918 3033 est
1939 3013 2020 3040 εἰς...
