2290 3449
22 842 58 873 10

20 1151 58 1183 15

10 1417 53 1448 20

10 2065 52 2095 30

24 2690 56 2707 10

26 2897 56 2922 Ι5

433 185 607 222 GESTA
636 185 941 221 MAGNIFJCA
970 184 1157 220 DOMUS
1186 184 1579 220 CARRARIENSIS

83 319 180 357 ditto‚
204 319 214 350 i
236 318 458 360 sovrascripti
474 317 578 349 Piero
604 324 638 350 et
654 317 735 355 fioli,
759 317 871 350 subito
888 317 946 349 elli
965 318 1001 349 fo
1018 315 1141 348 terridi
1162 316 1205 348 de
1223 315 1316 347 mille
1335 315 1454 357 spade,
1471 316 1615 348 salvado
1632 317 1664 349 el
1681 327 1764 358 pare
1783 318 1826 349 de
1844 316 1931 356 drio,

81 372 214 414 3000110
238 382 300 413 per
323 372 382 412 pici
406 381 466 403 soa
490 371 629 413 tristeea
653 371 722 403 ello
747 371 892 403 vedesse
916 370 949 401 la
972 375 1082 401 morte
1106 368 1142 400 di
1162 367 1244 400 fioli.
1291 368 1335 400 Et
1361 368 1433 400 cosi
1460 369 1496 400 fo
1521 369 1553 400 el
1578 370 1623 400 fin
1649 371 1705 402 del
1725 370 1810 402 ditto
1827 371 1932 403 Piero

85 432 119 458 et
142 426 176 458 di
200 425 282 462 fioli,
307 425 430 456 driedo
452 425 484 455 la
508 431 619 456 morte
643 425 677 455 di
702 424 797 467 quali
822 423 853 455 el
877 423 1006 465 povolo
1036 423 1079 454 de
1097 422 1202 460 Pava,
1220 422 1373 453 mettude
1399 432 1480 463 0050
1504 423 1537 453 10
1561 434 1656 454 arme
1681 433 1784 465 50003
1802 424 1860 465 pisi
1878 425 1933 456 far

82 479 226 520 strepito
250 488 289 510 su
313 478 345 509 le
369 478 469 519 piace
494 488 514 510 o
539 478 628 510 altro
652 478 767 519 luogo,
793 482 880 508 stete
905 481 1068 508 contento
1092 486 1112 506 a
1136 475 1252 517 quello
1276 475 1341 506 che
1366 485 1427 506 era
1450 475 1548 507 fatto.
1595 476 1638 507 Et
1663 477 1699 508 fo
1724 477 1755 509 10
1781 477 1931 519 preditte

83 541 163 564 cose
187 532 223 562 in
248 531 342 562 mille
365 536 520 563 tresento
545 531 765 573 quatordese,
788 529 824 560 in
849 529 1000 560 kalende
1026 528 1070 559 de
1095 538 1206 568 maco.

171 628 224 660 93.
248 627 350 668 [1071.
378 645 415 650 -
448 627 490 659 El
516 626 707 659 sovraditto
731 635 844 656 meser
875 624 1014 666 Oppico
1047 634 1089 655 ne
1121 624 1235 656 l’anno
1265 624 1322 655 del
1349 623 1478 667 Signor
1508 624 1600 656 mille
1633 630 1784 657 tresento
1810 625 1857 642 *²*
1875 626 1890 643 *
1907 626 1934 664 *‚

82 680 204 713 siando
228 680 359 712 vicario
382 680 417 711 in
441 680 474 712 la
497 679 567 711 cita
592 680 635 711 de
660 678 754 710 Pava
779 677 812 708 el
835 683 939 709 conte
965 677 1008 708 de
1035 677 1243 719 Flambergo
1267 688 1332 719 per
1355 677 1388 708 10
1413 677 1498 709 (1050
1524 678 1567 709 (10
1601 677 1798 716 Ostericho‚
1829 690 1868 709 re
1895 679 1930 711 di

81 734 243 775 Romani,
261 739 352 766 sotto
371 734 405 765 13
428 733 581 776 signoria
605 732 661 764 del
687 731 790 773 quale
813 741 872 762 era
898 729 1010 762 311013
1033 730 1066 761 13
1081 730 1150 762 cita
1168 732 1212 762 de
1230 730 1334 767 Pava,
1352 729 1493 762 habudo
1510 742 1572 772 per
1596 731 1714 773 alguni
1739 732 1788 764 soi
1806 733 1933 764 secreti

82 787 148 819 che
172 788 322 819 madona
346 785 362 802 *
378 785 394 803 *
410 785 427 803 *
444 785 470 824 *,
486 796 546 818 503
562 795 694 823 501010,
719 788 891 816 cornettea
915 783 1089 814 adulterio
1115 794 1183 815 con
1201 794 1247 814 un
1262 783 1390 815 nobele
1414 784 1595 820 todescho,
1620 785 1860 816 mareschalco
1879 785 1935 817 del

83 841 171 873 ditto
196 846 297 872 conte
321 839 365 871 de
389 838 608 880 Flambergo,
639 847 742 869 sovra
773 843 897 879 questo
931 842 1182 868 secretamente
1215 847 1298 877 pose
1330 846 1389 868 soe
1420 837 1567 879 guarde,
1591 846 1689 868 come
1714 837 1746 868 el
1776 848 1933 878 possesse

82 894 247 925 achoiere
272 893 304 925 la
327 893 454 925 sorella
469 892 504 922 in
522 891 602 933 quel
618 891 715 928 fallo,
733 895 767 921 et
784 889 855 921 cosi
871 889 985 921 acolta
1010 890 1043 921 la
1059 889 1107 920 fe'
1126 899 1264 930 amacar
1287 900 1354 922 con
1380 890 1517 932 l'amigo
1537 900 1585 921 so.
1624 890 1724 922 Della
1740 896 1850 923 morte
1876 891 1933 923 del

83 947 164 990 qual
188 945 324 979 benche
347 956 408 977 sen
431 944 587 977 turbasse
613 943 644 975 01
669 942 860 974 sovraditto
886 948 999 979 conte,
1025 954 1089 984 pur
1114 945 1143 974 el
1170 943 1257 975 ditto
1282 944 1371 975 fatto
1394 943 1432 975 fo
1458 953 1650 975 commesso
1674 954 1780 986 50003
1806 944 1933 987 alguna

84 1010 183 1041 pena.
231 999 275 1031 Et
296 1000 332 1031 fo
356 1004 476 1040 questo
500 1009 520 1029 3.
544 997 579 1029 (11
605 997 647 1028 tri
673 997 716 1028 de
743 1006 855 1038 zugno
889 996 946 1028 del
971 996 1168 1038 prescripto
1194 996 1387 1030 millesimo.

172 1098 224 1129 94.
248 1096 349 1137 [108].
375 1114 415 1118 —
439 1094 480 1126 El
507 1094 593 1126 ditto
618 1104 731 1125 meser
755 1094 894 1136 Oppico
919 1093 977 1134 001
1011 1093 1058 1131 (11,
1083 1094 1148 1125 che
1177 1092 1263 1126 Polo
1296 1095 1409 1126 Dente
1442 1104 1508 1126 con
1542 1094 1638 1137 quilli
1666 1094 1711 1126 de
1743 1105 1803 1127 soa
1836 1101 1934 1136 parte

82 1152 118 1182 in
140 1150 305 1182 vendetta
328 1148 420 1180 della
443 1153 555 1180 morte
580 1148 639 1179 del
662 1147 815 1180 fradello
839 1147 886 1178 fe'
911 1148 944 1179 la
976 1147 1123 1179 coniura
1147 1153 1269 1179 contra
1301 1147 1399 1190 quilli
1423 1148 1470 1179 da
1500 1148 1649 1180 Carrara
1677 1154 1712 1180 et
1736 1158 1836 1180 corse
1867 1148 1934 1179 alle

81 1205 194 1246 piace,
217 1213 252 1235 se
277 1202 375 1243 porto
399 1201 426 1233 51
449 1201 547 1233 ν11110
573 1207 607 1233 et
630 1201 882 1238 ardfflamente,
907 1211 1003 1233 come
1028 1201 1062 1232 io
1086 1201 1240 1232 scrivero
1265 1212 1285 1232 3
1308 1211 1346 1233 50
1370 1201 1485 1243 luogo,
1509 1202 1575 1233 che
1600 1201 1633 1233 la
1647 1202 1852 1233 resistencia
1875 1211 1936 1233 soa

81 1257 119 1289 fo
142 1266 229 1299 gran
250 1260 347 1297 parte
373 1255 416 1286 de
441 1254 587 1286 victoria
603 1254 634 1285 ai
651 1253 839 1285 Carraresi.
879 1254 923 1286 Et
946 1254 979 1285 10

81 1309 266 1341 sovraditte
291 1318 371 1340 cose
395 1307 526 1349 scripte
550 1314 585 1340 et
608 1307 694 1339 ditte
711 1307 754 1339 de
772 1307 896 1339 mesier
919 1307 980 1338 Ni-

81 1362 158 1394 0010
188 1367 224 1393 et
253 1361 391 1403 Oppico
423 1361 469 1393 da
500 1360 651 1393 Carrara
674 1361 788 1393 scrive
816 1359 981 1392 Albertin

79 1414 247 1452 Mussato,
263 1414 534 1457 historiograffo‚
558 1419 662 1455 poeta
678 1424 803 1456 pavan,
826 1413 862 1444 in
879 1413 982 1445 laude

79 1467 123 1499 de
146 1467 232 1506 loro,
256 1467 395 1500 benche
417 1466 442 1498 'l
465 1467 559 1500 fosse
581 1477 619 1499 so
642 1466 800 1509 inimigo.

79 1591 194 1625 XXV.
219 1610 263 1615 —-
284 1592 426 1624 Domini
447 1591 611 1629 Renaldo,
634 1592 832 1629 Marsilieto,
858 1591 982 1624 Piero-

167 1650 270 1683 conte,
286 1645 449 1689 fradelli.

169 1743 221 1775 95.
246 1742 325 1784 [28].
352 1762 391 1767 -
416 1741 579 1775 succede:
602 1742 673 1774 fioli
700 1743 744 1774 ad
776 1752 888 1774 meser
921 1742 981 1774 Al-

79 1796 194 1829 bertin
219 1796 399 1838 Papafava
420 1795 465 1827 da
495 1794 676 1827 Carrara1.
722 1796 774 1827 De
800 1797 914 1838 questi
938 1797 982 1828 tri

79 1849 219 1882 fradelli
243 1849 276 1881 io
308 1854 409 1881 trovo
440 1859 508 1880 003
531 1848 681 1884 division
709 1849 805 1881 facta
837 1849 874 1881 di
899 1849 982 1881 beni

79 1903 219 1945 paterni
241 1913 284 1933 ne
309 1902 423 1934 l’anno
448 1901 505 1934 del
530 1902 679 1945 Signore
705 1902 798 1935 mille
827 1909 982 1936 tresento

80 1956 301 1999 quatordese,
318 1955 448 1997 scripta
463 1965 527 1997 per
543 1965 623 1987 man
641 1956 684 1987 de
702 1955 882 1988 Anthonio
899 1967 984 1988 003-

80 2019 130 2046 ro,
161 2009 242 2041 fiolo
266 2009 332 2041 che
355 2009 392 2040 fo
417 2009 460 2040 de
492 2018 605 2039 meser
629 2008 775 2041 Alberto
801 2020 909 2042 noaro
939 2010 982 2041 (10

80 2061 212 2094 Sancta
234 2060 336 2094 Sofia.
383 2062 435 2093 La
457 2062 538 2104 qual
575 2061 727 2094 division
755 2063 792 2094 fo
816 2064 860 2094 de
886 2069 982 2095 tante

80 2115 290 2158 possession,
305 2125 384 2146 0350
402 2121 436 2146 et
452 2114 527 2146 altri
548 2115 639 2153 beni,
659 2116 736 2157 che,
758 2115 920 2148 bench’io
938 2126 982 2148 no

82 2169 114 2200 la
137 2168 261 2206 scriva,
285 2173 509 2211 argumentar
525 2175 764 2211 segurameute
781 2179 817 2201 se
835 2168 891 2211 po’
909 2169 984 2212 qui-

171 2298 178 2314 ¹
198 2299 278 2331 Figli
300 2300 328 2323 di
348 2299 514 2330 Albertino,
534 2299 580 2324 del
600 2308 680 2325 ramo
699 2300 745 2324 dei
760 2300 917 2333 Papafava,
931 2308 979 2324 cu-

81 2343 145 2375 gini
165 2343 194 2367 di
214 2340 329 2371 Ν1001ὸ,
349 2342 452 2367 ebbero
473 2343 591 2367 fortuna
611 2344 733 2368 diversa.
770 2343 783 2367 1
808 2345 851 2368 tre
870 2343 981 2368 fratelli

83 2386 269 2417 partecipano
290 2384 347 2408 alla
368 2384 514 2409 divisione
534 2386 580 2409 dei
599 2385 664 2409 beni
686 2386 808 2417 paterni,
828 2386 850 2409 il
873 2393 905 2409 1ο
923 2386 985 2417 giu-

82 2435 140 2458 gno
163 2434 229 2459 1314
248 2426 389 2458 (030100,
408 2427 516 2457 Albero,
536 2435 563 2459 p.
582 2427 637 2459 88),
650 2435 663 2452 0
677 2428 794 2452 all'atto
808 2428 838 2452 di
853 2429 985 2452 cessione

83 2471 118 2494 da
138 2472 220 2502 parte
240 2470 270 2493 (11
290 2470 473 2493 Bonaccorso
492 2476 507 2493 a
527 2470 627 2494 domus
641 2471 686 2494 dei
702 2470 807 2495 all'ava
821 2470 985 2498 Adelrnota,

84 2513 114 2536 in
136 2519 218 2536 nome
239 2511 283 2535 del
305 2512 405 2543 nipote
425 2510 533 2535 Obizzo
553 2519 578 2543 q.
600 2512 743 2542 Marsilio,
763 2520 777 2536 e
798 2513 841 2536 dei
863 2514 905 2537 tre
924 2512 983 2544 figli

83 2554 128 2578 del
148 2554 266 2578 defunto
285 2553 452 2583 Albertino‚
467 2553 566 2585 d'ogni
585 2561 636 2578 suo
656 2555 760 2579 diritto
779 2557 882 2579 contro
896 2555 925 2578 lo
939 2556 984 2579 zio

83 2595 247 2626 Bonifacio‚
266 2595 311 2619 del
334 2600 411 2626 1315,
432 2601 466 2618 20
485 2595 607 2620 ottobre.
645 2596 692 2621 Ma
711 2596 795 2621 Piero
817 2596 911 2621 Conte
925 2604 984 2620 non

82 2638 172 2670 figura
191 2637 241 2670 pii:
262 2637 337 2662 nella
353 2638 500 2662 divisione
513 2638 558 2662 del
575 2637 660 2669 1318:
673 2647 719 2663 era
732 2638 780 2671 gi&
794 2640 888 2663 morto
899 2646 984 2663 senza

83 2681 187 2705 lasciar
205 2680 291 2704 eredi.
329 2679 501 2712 Sopravisse
520 2680 548 2704 di
570 2688 643 2712 poco
663 2681 800 2712 Rimxldo,
826 2681 876 2705 che
902 2681 924 2705 il
954 2688 984 2713 ¹4

83 2730 178 2746 marzo
198 2729 322 2755 segnava
342 2722 363 2746 il
381 2723 501 2755 proprio
520 2724 692 2747 testamento
712 2722 853 2755 (Csomm,
875 2724 983 2748 Alberm

84 2771 110 2796 p.
129 2765 184 2796 92),
204 2772 218 2788 e
238 2771 297 2789 non
318 2764 412 2789 molto
433 2765 509 2796 dopo
529 2764 677 2796 decedeva,
697 2773 725 2790 50
746 2766 822 2790 nella
836 2766 984 2790 divisione

85 2807 129 2830 del
152 2813 230 2838 1321,
252 2814 282 2838 ¹4
300 2808 420 2839 giugno,
440 2808 616 2838 camparisce
635 2808 656 2831 il
670 2807 752 2839 figlio
766 2807 918 2837 Glacomo‚
932 2808 945 2821 ‘⁴
957 2816 982 2839 q.

87 2847 101 2861 “
112 2848 222 2872 domini
241 2848 360 2872 Rinaldi
376 2849 411 2873 da
426 2849 559 2873 CarrarIa
570 2866 594 2880 ᾗ.
620 2848 763 2874 L'eredita
777 2850 982 2882 patrimoniale

84 2890 130 2914 del
151 2897 237 2921 ramo,
257 2898 338 2915 come
357 2891 451 2922 quella
472 2891 595 2923 politica
616 2891 691 2916 della
707 2892 847 2924 famigHa,
862 2899 909 2916 era
923 2900 982 2917 rac-

84 2933 162 2956 colta
182 2932 217 2956 da
237 2932 423 2962 Marsllietto,
444 2935 472 2957 in
494 2934 789 2966 compartecipazlone
804 2934 830 2959 la
848 2936 940 2966 prima
955 2935 981 2959 al

86 2976 186 3007 nipote
201 2975 309 3008 Jacopo
329 2975 359 2999 di
379 2975 517 3006 Rinaldo,
537 2983 614 3000 come
635 2976 669 3000 da
689 2977 924 3010 (11ν15101111321,
948 2985 979 3009 14

1125 1253 1201 1285 Hec
1225 1253 1268 1286 de
1291 1254 1442 1286 dominis
1459 1254 1607 1286 Nicolao
1625 1260 1660 1286 et
1676 1254 1860 1296 Oppicone
1877 1254 1938 1286 Al-

1035 1306 1193 1339 bertinus
1203 1306 1387 1345 Mussatus„
1405 1307 1713 1350 historiographus,
1723 1313 1839 1349 poeta,
1855 1307 1939 1340 licet

1035 1358 1312 1392 Carrariensium
1344 1360 1462 1398 hostis,
1493 1361 1528 1392 in
1555 1371 1618 1392 sua
1640 1360 1782 1393 cronica
1805 1361 1937 1394 seriose

1038 1412 1216 1446 describit.

1036 1592 1150 1623 XXV.
1174 1611 1218 1614 —
1239 1592 1383 1624 Domini
1402 1591 1592 1630 Renuldus,
1615 1592 1836 1629 Marsilietus,
1869 1593 1937 1624 Pc-

1125 1650 1197 1677 trus
1222 1644 1349 1683 Comes,
1362 1643 1515 1687 fratres.

1126 1741 1178 1774 95.
1206 1742 1290 1784 [28].
1322 1760 1364 1765 —-—
1396 1742 1543 1775 Domino
1576 1741 1762 1775 Albertino
1786 1743 1937 1785 Papafa-

1036 1806 1078 1827 ve
1096 1796 1139 1828 de
1155 1795 1318 1828 Carraria
1334 1795 1395 1826 filii
1413 1802 1664 1828 successerunt.
1697 1796 1938 1829 Successionis

1035 1859 1180 1892 quorum
1211 1848 1300 1881 illud
1331 1858 1398 1891 ego
1431 1854 1567 1890 tempus
1598 1849 1794 1892 legentibus
1824 1851 1936 1888 trado,

1036 1903 1130 1945 quod
1145 1902 1180 1933 in
1205 1902 1423 1934 documentis
1441 1902 1620 1934 divisionis
1636 1909 1780 1944 paterne
1798 1904 1938 1936 heredi-

1035 1955 1113 1987 tatis
1125 1956 1216 1988 inter
1228 1965 1287 1987 eos
1299 1956 1394 1987 facte
1407 1966 1472 1998 ego
1487 1957 1679 1998 comperio,
1696 1967 1785 1990 anno
1797 1958 1938 1990 Domini

1035 2008 1171 2041 scilicet
1195 2008 1378 2040 millesimo
1402 2009 1645 2042 trecentesimo
1663 2011 1936 2052 quartodecimo.

1036 2062 1151 2100 Quam
1168 2061 1336 2094 bonorum
1352 2062 1559 2094 divisionem
1575 2063 1731 2095 scribere
1742 2063 1827 2096 licet
1840 2064 1939 2097 omit-

1038 2121 1118 2153 tam,
1141 2115 1231 2148 adeo
1256 2121 1371 2147 tamen
1394 2126 1520 2158 magna
1544 2116 1623 2155 fuit,
1646 2123 1684 2149 ut
1699 2117 1798 2159 argui
1814 2127 1936 2149 secure

1036 2175 1154 2210 posset
1170 2179 1240 2200 non
1256 2169 1320 2200 hos
1337 2169 1432 2200 cives
1449 2169 1614 2207 extitisse,
1631 2170 1693 2202 sed
1709 2170 1858 2202 civitatis
1871 2170 1938 2202 Pa-

1034 2302 1153 2331 giugno,
1165 2307 1180 2324 e
1197 2306 1272 2332 1324,
1286 2308 1300 2333 3
1314 2300 1406 2331 aprile
1421 2298 1561 2330 (CssoLDQ
1575 2301 1684 2331 Albero,
1699 2308 1724 2333 p.
1739 2301 1794 2333 89).
1832 2301 1872 2325 La
1887 2308 1937 2325 sua

1039 2343 1169 2366 elczione
1190 2350 1203 2366 a
1218 2343 1335 2374 signore
1348 2341 1362 2366 ὲ
1374 2342 1520 2366 ricordata
1534 2342 1569 2367 da
1582 2350 1639 2367 una
1653 2345 1848 2367 annotazione
1863 2344 1937 2367 nelle

1039 2386 1243 2409 imbreviature
1272 2385 1317 2409 del
1347 2385 1449 2409 notaio
1479 2385 1626 2409 Giovanni
1657 2386 1685 2409 di
1716 2393 1751 2410 111,
1783 2386 1936 2410 Francesco

1040 2427 1214 2451 strazzarolo
1236 2427 1264 2455 (l.
1283 2426 1303 2459 1,
1325 2435 1348 2451 e.
1369 2434 1411 2458 30,
1433 2429 1461 2451 in
1483 2428 1578 2452 Auen.
1598 2428 1723 2456 NOTAR„
1742 2427 1877 2459 PADOVA)
1892 2429 1937 2452 del

1043 2476 1124 2501 1345:
1148 2470 1227 2493 “Die
1253 2469 1398 2494 dominica
1419 2476 1450 2500 27
1477 2470 1582 2494 mensis
1609 2472 1717 2499 martii,
1742 2471 1772 2494 in
1799 2477 1854 2501 qua
1880 2470 1938 2494 fuit

1041 2513 1168 2536 “festum
1188 2513 1316 2537 Pascatis
1335 2513 1552 2536 ressurectionis
1572 2512 1598 2536 d.
1619 2513 1714 2537 nostri
1726 2513 1803 2536 Iesus
1817 2511 1937 2537 Christi.

1039 2555 1051 2567 ‘¹
1064 2554 1231 2586 Magnificus
1252 2554 1385 2578 dominus
1405 2555 1430 2578 d.
1451 2555 1599 2579 Marsilius
1619 2555 1652 2579 de
1672 2554 1805 2579 Carraria
1826 2555 1860 2578 de
1885 2556 1936 2579 Pa-

1041 2596 1053 2609 “
1066 2598 1192 2629 pafaviis
1212 2606 1238 2629 q.
1254 2597 1281 2622 d.
1300 2597 1458 2627 Albertini,
1478 2597 1512 2621 de
1531 2599 1663 2622 contrata
1682 2597 1710 2622 S.
1730 2597 1859 2628 Martini,
1885 2605 1937 2622 ora

1041 2639 1200 2668 “tertia,in
1221 2639 1322 2663 maiori
1339 2639 1463 2663 consilio
1478 2640 1610 2664 civitatis
1625 2639 1727 2670 Padue,
1749 2641 1779 2664 in
1799 2647 1855 2671 quo
1870 2647 1936 2664 con—

1040 2681 1133 2705 “silio
1157 2682 1271 2706 fuerunt
1298 2689 1394 2705 omnes
1424 2683 1546 2706 maiores
1576 2682 1651 2706 dicte
1676 2683 1817 2711 civitatis,
1844 2682 1936 2706 factus

1039 2723 1052 2735 “
1066 2725 1121 2748 suit
1140 2724 1275 2748 dominus
1294 2724 1437 2755 generalis
1457 2724 1532 2748 dicte
1553 2724 1684 2748 civitatis
1705 2723 1799 2748 Padue
1819 2726 1936 2756 propter

1040 2767 1052 2778 ‘¹
1065 2766 1262 2790 infirmitatem
1288 2766 1433 2798 magnifici
1459 2766 1572 2791 domini
1597 2766 1623 2792 d.
1650 2765 1785 2791 Ubertinl
1811 2769 1902 2797 elc.„=
1922 2773 1936 2790 e

1037 2814 1141 2832 ancora
1155 2807 1191 2831 da
1204 2814 1260 2830 una
1275 2807 1369 2839 lapide
1389 2807 1434 2831 dal
1456 2806 1565 2831 Ceoldo
1585 2808 1733 2832 trasferita
1753 2808 1830 2832 nella
1843 2808 1936 2832 chiesa

1035 2849 1181 2873 abbaziale
1201 2850 1229 2873 (li
1250 2850 1276 2873 S.
1296 2849 1416 2873 Stefano
1431 2849 1459 2873 di
1477 2848 1596 2874 Carrara
1616 2849 1664 2882 (cf.
1682 2850 1864 2880 Summum,
1887 2851 1936 2875 Ur-

1036 2891 1076 2915 bis
1095 2892 1197 2915 l'atav.
1211 2892 1341 2922 inscript„
1361 2899 1388 2924 p.
1408 2898 1468 2924 531,
1487 2900 1514 2916 11.
1534 2898 1566 2923 5:
1587 2891 1714 2921 emmo,
1727 2893 1835 2921 Albero,
1855 2900 1882 2923 p.
1901 2899 1936 2924 90

1035 2932 1096 2965 sg.).
1135 2933 1208 2957 Mori
1231 2934 1258 2957 d.
1280 2936 1371 2958 morte
1391 2934 1520 2958 violenta
1542 2935 1560 2957 il
1581 2933 1598 2958 6
1618 2936 1731 2966 maggio
1755 2940 1820 2966 1345
1836 2942 1938 2966 procu—

1037 2979 1098 3001 rata
1119 2977 1165 3001 dai
1186 2977 1246 3009 figli
1267 2977 1297 3001 di
1316 2975 1431 3001 Nicolo.

1966 2393 2000 2410 20

1966 2606 1997 2631 ²5

1965 2820 2000 2844 30
