2290 3449
303 209 377 252 254
652 216 823 252 GESTA
852 216 1154 252 MAGNIFICA
1184 208 1371 252 DoMUS
1400 208 1794 252 CARRARIENSIS

301 348 315 364 ‘⁴
330 348 557 381 liberamente
581 353 700 379 tornar
724 358 743 380 a
767 359 847 380 casa
870 358 941 388 soa,
965 348 1142 380 recevudo
1167 347 1278 390 prima
1301 347 1523 389 plenamente
1541 348 1574 379 13
1590 347 1708 380 merce
1733 348 1791 380 del
1814 359 1852 380 so
1875 347 1988 386 soldo,
2012 347 2144 390 3606116

304 401 352 431 “'l
378 402 462 433 duse
488 400 530 432 de
554 400 742 433 Karinthia
766 411 811 432 no
835 411 872 432 se
896 411 998 442 possa
1021 402 1191 432 lamentar
1207 400 1265 431 del
1285 400 1371 432 ditto
1395 410 1508 431 meser
1530 399 1606 431 Can
1629 411 1713 432 over
1730 401 1766 432 di
1783 400 1927 433 Pavani.
1966 401 2062 438 Item,
2080 400 2144 433 che

303 454 440 496 α(131111,
465 454 530 486 elle
555 453 670 485 fallira
695 455 739 485 da
762 454 829 486 mo'
853 453 982 496 inanei,
1007 454 1059 485 sia
1083 454 1218 497 tignudi
1234 453 1425 485 solamente
1450 453 1517 484 alle
1534 463 1624 494 pene
1642 453 1676 484 di
1700 453 1751 485 soi
1767 454 1857 491 falli,
1874 454 2106 495 coneosiache
2123 453 2145 483 'l

302 508 379 538 “sia
403 508 575 539 contrario
607 507 673 538 alle
700 507 775 550 lege
805 513 840 538 et
861 507 928 538 alla
951 517 1064 544 rason,
1088 508 1154 540 che
1179 507 1282 538 altrui
1306 507 1355 538 sia
1379 506 1463 547 puni
1486 517 1548 548 per
1573 507 1581 536 1
1605 506 1719 548 pecha
1741 506 1891 539 d'altrui.
1936 507 2038 539 Delle
2063 506 2144 549 qual

306 563 320 577 ‘⁶
335 570 426 597 cose,
452 560 544 591 ch’io
568 566 601 591 te
628 565 788 597 cometto,
813 560 846 591 io
870 569 915 591 no
938 570 1030 602 voyo
1054 560 1098 591 da
1121 570 1233 591 meser
1256 560 1330 592 Can
1356 559 1585 591 instrumento
1614 560 1719 603 algun
1747 569 1767 590 0
1791 567 2032 602 sagrament0;
2059 571 2080 590 3
2104 559 2149 590 mi
2201 559 2219 590 5

300 616 313 630 “
328 614 425 645 basta
448 613 637 645 solamente
662 613 695 643 la
718 623 778 644 soa
802 613 848 644 fe’
864 636 892 651 „.
940 613 982 644 El
1006 613 1196 645 sovraditto
1221 623 1333 644 meser
1357 611 1443 649 Can,
1460 612 1590 644 audido
1605 613 1638 643 el
1654 623 1766 644 messo
1787 613 1830 644 de
1846 623 1958 645 meser
1982 612 2144 644 Marsilio

294 673 328 698 et
357 667 515 708 veeando
547 665 740 706 adimplido
775 666 806 696 el
839 665 1012 697 desiderio
1045 676 1094 703 50,
1126 666 1191 698 che
1224 666 1442 708 longamente
1474 664 1507 696 10
1543 665 1655 696 1ι3ν63
1686 664 1873 702 cerchado,
1905 666 2143 708 alegramente

294 719 444 760 accepto
470 718 502 750 el
527 719 596 750 don
620 729 639 749 3
665 718 711 749 lui
736 728 926 760 promesso,
949 718 1167 750 affermando
1192 719 1236 750 de
1253 719 1351 749 voler
1368 718 1551 749 observare
1576 717 1586 747 i
1609 718 1749 759 prieghi
1773 718 1817 749 de
1841 728 1952 749 meser
1974 717 2143 755 Marsilio,

293 772 422 815 perche
447 772 504 803 elli
528 771 559 802 ie
584 781 688 813 parea
712 771 803 809 iusti,
827 777 861 802 et
885 771 951 802 che
975 771 1063 802 oltra
1088 777 1210 814 questo
1229 772 1298 803 ello
1323 771 1423 803 volea
1447 777 1590 812 reputar
1614 771 1625 801 i
1649 770 1763 801 nimisi
1788 770 1832 801 de
1856 781 1969 802 meser
1984 771 2142 802 Marsilio

299 837 362 868 per
386 825 518 867 proprii
542 824 682 863 inimisi,
706 832 740 856 et
758 824 806 855 lui
829 835 965 865 sempre
990 824 1088 855 voler
1111 825 1219 856 haver
1242 836 1306 866 per
1332 824 1492 855 fradello.
1540 823 1584 855 Et
1609 823 1691 860 cosi,
1717 824 1842 856 driedo
1867 823 1900 854 13
1923 824 2071 855 tornada
2088 823 2145 855 del
2174 824 2212 854 10

293 880 380 911 ditto
403 888 509 915 meso,
534 889 646 909 meser
662 877 818 909 Marsilio
841 878 968 908 mando
991 883 1246 910 secretamente
1271 878 1420 909 madona
1443 877 1581 908 Thadia
1606 887 1625 907 a
1649 876 1805 914 Vinesia,
1830 882 1865 908 et
1889 877 1912 907 11
1936 876 1969 906 13
1991 876 2028 907 fo
2046 875 2139 907 dada

293 943 355 973 per
378 932 508 964 moiere
533 943 552 963 a
576 941 689 963 meser
713 930 876 967 Mastino,
901 936 1064 972 presente
1089 930 1120 961 el
1146 931 1325 962 marchese
1349 931 1554 974 B‘Ialaspinaa
1569 936 1603 962 et
1626 929 1766 971 Filippo
1795 930 1840 961 da
1864 929 2010 972 Peraga.
2036 954 2039 956 v

387 1023 457 1054 112.
483 1021 584 1062 [112].
603 1039 643 1043 ——
662 1021 705 1053 Et
721 1019 794 1052 cosi
812 1030 923 1051 meser
939 1019 1095 1051 Marsilio
1112 1021 1244 1063 grande
1261 1020 1509 1052 incontenente
1528 1019 1621 1051 sorni
1638 1019 1670 1050 la
1688 1018 1758 1051 cita
1777 1020 1820 1051 de
1835 1018 1930 1050 Pava
1947 1019 1991 1050 de
2009 1017 2141 1050 homini

294 1075 384 1108 dalle
408 1075 502 1112 ville,
528 1075 679 1115 faoando
705 1074 821 1115 palese
847 1083 928 1105 vose
953 1073 1018 1104 che
1041 1083 1107 1105 con
1132 1073 1237 1115 quelli
1262 1079 1295 1105 et
1320 1084 1385 1105 con
1409 1073 1590 1105 Todeschi
1615 1073 1683 1104 ello
1706 1071 1808 1104 volea
1831 1072 1977 1103 assaltar
1994 1072 2004 1102 i
2019 1071 2143 1108 nimisi,

293 1130 304 1160 i
329 1129 421 1171 quali
443 1129 605 1160 arcoieva
629 1128 661 1158 le
685 1127 854 1158 vendeme
880 1127 915 1157 di
940 1126 1081 1158 Pavani.
1118 1126 1162 1158 Et
1186 1136 1286 1158 como
1309 1126 1376 1158 ello
1401 1127 1438 1158 fo
1457 1126 1525 1158 ben
1548 1126 1703 1163 fornido,
1721 1125 1966 1169 cognossando
1990 1135 2091 1156 corno
2108 1125 2141 1155 el
2169 1124 2206 1155 15

293 1181 390 1213 fasea
414 1181 445 1212 le
469 1180 612 1212 volonta
635 1180 671 1211 di
694 1178 824 1210 Pavani
848 1185 882 1210 et
907 1179 974 1210 che
999 1178 1066 1210 mal
1090 1179 1282 1211 volentiera
1305 1180 1364 1210 elli
1389 1185 1485 1211 stava
1509 1185 1600 1211 sotto
1625 1179 1779 1221 signoria
1803 1179 1837 1210 di
1867 1178 2057 1215 Todeschi,
2083 1188 2141 1209 co-

292 1235 418 1266 mandb
444 1234 508 1264 che
533 1234 555 1263 'l
578 1244 614 1264 se
638 1233 833 1264 celebrasse
856 1243 902 1263 un
926 1231 1069 1274 general
1093 1232 1234 1264 conseio
1258 1233 1293 1263 in
1317 1232 1352 1264 10
1377 1233 1499 1274 palaeo
1524 1232 1582 1264 del
1608 1243 1731 1264 comun
1756 1231 1800 1263 de
1825 1231 1932 1268 Pava,
1949 1231 1985 1262 in
2011 1231 2042 1262 lo
2059 1230 2139 1272 qual

292 1287 446 1324 conseio,
471 1286 594 1318 driedo
618 1296 686 1317 una
710 1296 771 1317 soa
794 1295 923 1327 arenga
947 1285 1221 1317 solemnemente
1245 1295 1307 1326 per
1331 1285 1377 1316 lui
1402 1286 1489 1317 satta
1513 1285 1545 1316 al
1571 1286 1709 1326 poyolo,
1735 1285 1778 1316 de
1803 1284 1943 1316 volonta
1968 1284 2011 1315 de
2035 1283 2139 1315 tuttii

292 1340 424 1372 Pavani
448 1346 483 1372 et
506 1340 603 1381 quasi
627 1339 834 1382 tignandose
858 1338 974 1380 quello
997 1348 1018 1368 a
1042 1348 1129 1380 gran
1146 1338 1273 1380 grazia,
1291 1338 1324 1369 al
1340 1338 1531 1370 sovraditto
1549 1349 1662 1370 meser
1678 1338 1834 1370 Marsilio
1851 1338 1888 1369 fo
1913 1337 2143 1368 liberamente

291 1394 383 1425 dada
408 1393 439 1424 la
465 1392 619 1435 signoria
643 1392 736 1423 della
759 1391 829 1424 cita
853 1392 896 1423 de
920 1391 1026 1422 Pava.
1074 1391 1119 1422 Et
1142 1392 1179 1422 fo
1203 1397 1324 1432 questo
1349 1391 1385 1422 in
1409 1391 1504 1422 mille
1529 1397 1683 1423 tresento
1711 1392 1798 1422 vinti
1822 1397 1913 1428 octo,
1937 1401 1957 1421 a
1984 1390 2017 1422 (11
2042 1396 2138 1431 ῖ6τ60
2162 1390 2205 1421 20

291 1448 335 1479 (16
352 1446 558 1489 septembre.
600 1445 668 1477 Nel
685 1445 764 1487 qual
782 1445 817 1477 (11
832 1445 956 1482 611Ηο,
974 1443 1126 1476 fradello
1144 1445 1186 1476 de
1204 1444 1452 1486 Hengelmam,
1467 1444 1615 1486 podesta
1630 1445 1672 1475 de
1690 1444 1796 1482 Pava,
1812 1444 1949 1486 assigno
1967 1443 1998 1474 le
2016 1443 2139 1475 chiave

291 1501 384 1531 della
408 1506 500 1532 terra
524 1499 556 1530 al
581 1499 669 1531 ditto
694 1508 806 1529 meser
830 1498 988 1529 Marsilio
1013 1498 1057 1528 da
1081 1498 1238 1529 Carrara.
1285 1497 1327 1529 El
1352 1498 1441 1529 ditto
1467 1497 1592 1535 Griffo,
1616 1497 1791 1528 recevudo
1823 1496 1934 1538 prima
1959 1496 1991 1527 13
2023 1495 2141 1528 debita

290 1553 405 1585 merce
430 1552 488 1584 del
512 1563 549 1584 so
573 1551 672 1584 soldo
698 1558 731 1583 et
756 1551 791 1583 di
817 1552 877 1589 soi,
902 1551 967 1583 che
992 1561 1051 1582 era
1069 1560 1136 1582 con
1158 1550 1217 1588 lui,
1236 1551 1279 1582 da
1296 1561 1408 1582 meser
1425 1550 1580 1582 Marsilio
1605 1549 1754 1582 obtenne
1781 1549 1930 1582 licencia
1955 1549 2064 1581 libera
2081 1548 2139 1580 del

290 1607 428 1649 partire.
476 1606 509 1638 A
532 1606 565 1637 (11
590 1606 647 1647 poi
673 1606 801 1647 cinque
825 1605 882 1636 del
907 1604 995 1637 ditto
1019 1614 1122 1642 mese,
1146 1604 1304 1635 Marsilio
1329 1604 1365 1635 di
1396 1604 1500 1636 Rossi
1524 1614 1590 1635 con
1615 1603 1695 1635 elmi
1721 1603 1867 1635 dusento
1892 1602 1984 1634 intro
2015 1601 2141 1634 dentro

292 1661 336 1693 da
360 1660 464 1697 Pava,
489 1659 547 1701 poi
571 1670 590 1690 a
614 1659 649 1690 di
672 1668 711 1690 vr
735 1659 767 1690 el
791 1659 977 1700 magnifico
1005 1668 1116 1689 meser
1147 1657 1303 1689 Marsilio
1334 1663 1423 1689 sotto
1456 1658 1553 1689 color
1581 1657 1625 1689 de
1659 1667 1728 1688 una
1759 1657 1911 1688 solemne
1942 1655 2139 1688 ambaxada
2162 1655 2204 1686 25

289 1713 416 1745 mando
439 1724 460 1745 3
483 1712 642 1754 Vicenea
666 1711 798 1752 plusori
821 1712 856 1744 di
880 1711 989 1743 maori
1013 1711 1055 1742 de
1080 1709 1192 1746 Pava:
1213 1710 1271 1752 poi
1288 1710 1319 1742 61
1337 1717 1500 1752 seguente
1517 1710 1552 1742 di
1568 1720 1681 1741 meser
1699 1709 1830 1741 Mastin
1853 1719 1920 1741 con
1938 1708 2015 1740 elmi
2033 1714 2138 1740 cento

289 1767 380 1799 intro
404 1766 529 1798 dentro
553 1767 598 1797 da
622 1765 726 1797 Pava.
772 1764 876 1796 Unde
900 1764 931 1796 61
956 1764 1140 1806 magnifico
1165 1773 1278 1794 meser
1301 1763 1470 1802 Mamilio,
1487 1763 1682 1805 veeandose
1700 1763 1789 1795 o'mai
1806 1763 1946 1795 fornido
1963 1763 2006 1794 de
2023 1767 2138 1805 gente,

288 1830 352 1862 per
376 1820 488 1851 forma
513 1820 578 1850 che
603 1819 725 1850 nisuno
747 1828 892 1850 oserave
917 1818 1008 1850 omai
1033 1818 1142 1849 andar
1165 1821 1286 1848 contra
1311 1816 1344 1847 la
1367 1827 1427 1848 soa
1451 1817 1650 1857 volontade‚
1667 1818 1756 1849 fatto
1773 1817 1927 1848 chiamar
1950 1816 1982 1847 el
1997 1815 2138 1858 povollo

289 1874 325 1905 in
351 1874 384 1905 lo
408 1873 531 1915 ρ31360
556 1872 613 1904 (161
637 1882 762 1903 comun
785 1870 830 1903 de
856 1872 959 1908 Pava,
983 1882 1003 1902 a
1027 1870 1125 1913 quilii
1148 1870 1208 1901 uso
1233 1875 1352 1911 queste
1375 1869 1510 1911 parole:
1539 1872 1553 1887 “
1568 1870 1598 1901 O
1624 1870 1819 1901 fidelissimi
1844 1869 2001 1906 cstadini,
2017 1878 2081 1910 per
2105 1868 2138 1899 lo

296 1929 310 1943 “
325 1926 393 1958 ben
417 1926 497 1958 dela
520 1925 701 1967 republica
724 1930 758 1956 et
779 1924 911 1966 3606116
936 1925 1006 1961 nui,
1030 1923 1112 1956 rutti
1144 1923 1189 1954 da
1337 1923 1395 1955 “O
1426 1922 1621 1955 fidelissimi
1652 1925 1757 1960 cives,
1781 1933 1845 1965 pro
1878 1923 1968 1955 bono
2000 1921 2140 1964 publice
2168 1912 2210 1944 30

296 1983 419 2012 “tante
442 1978 590 2021 passade
613 1978 744 2021 fadige‚
770 1977 859 2009 omai
878 1987 945 2009 con
969 1976 1119 2008 l'alturio
1144 1977 1188 2008 de
1247 1975 1260 1991 “
1276 1976 1325 2007 rei
1348 1982 1456 2017 utque
1479 1977 1547 2018 jam
1571 1982 1621 2008 tot
1638 1977 1813 2018 preteritis
1837 1975 2013 2008 laboribus
2036 1975 2141 2007 fracti

295 2034 391 2065 “Dio
414 2033 528 2074 piamo
551 2033 583 2064 el
616 2037 728 2073 porto,
759 2032 825 2063 che
858 2041 898 2062 ce
924 2031 941 2061 e
968 2030 1107 2066 offerto,
1132 2029 1190 2061 del
1249 2029 1426 2061 “oblatum
1443 2029 1551 2066 nobis,
1568 2030 1736 2061 suadente
1761 2029 1847 2067 Deo,
1871 2034 2006 2071 portum
2025 2027 2141 2070 capia-

296 2089 310 2104 “
324 2087 486 2118 desirado
502 2095 640 2127 reposo,
658 2091 692 2116 et
709 2083 838 2126 3606116Ι
855 2084 924 2122 nui,
949 2083 1083 2115 stanchi
1100 2083 1189 2115 omai
1247 2082 1261 2097 ⁴⁶
1275 2092 1348 2113 mus
1371 2082 1496 2124 quietis
1513 2089 1629 2123 optate
1648 2083 1798 2124 fessique
1823 2082 1922 2113 malis
1945 2082 2078 2113 animos
2097 2091 2139 2112 ac

295 2140 308 2156 “
325 2141 369 2172 da
386 2140 471 2172 tanti
488 2139 579 2175 mali,
595 2138 749 2180 drieamo
767 2138 778 2168 i
793 2137 899 2169 animi
922 2137 1030 2168 nostri
1047 2147 1066 2167 a
1082 2136 1190 2168 meior
1249 2136 1263 2151 ‘⁴
1277 2145 1373 2176 spem
1391 2135 1434 2166 ad
1451 2135 1595 2167 meliora
1613 2135 1795 2178 erigamus,
1812 2145 1947 2167 mecum
1966 2134 2039 2176 ipse
2057 2143 2140 2165 con-

295 2196 309 2211 “
323 2203 502 2235 speranqa,
526 2192 559 2223 io
576 2202 630 2223 me
647 2192 692 2223 ho
711 2190 897 2223 conseiado
925 2190 981 2221 fra
1003 2190 1047 2220 mi
1072 2190 1190 2222 mede·
1249 2190 1262 2204 “
1277 2188 1377 2226 sului,
1392 2189 1486 2230 quod
1510 2199 1573 2229 pro
1600 2189 1795 2231 frangenda
1819 2188 2011 2220 emulorum
2033 2187 2140 2218 maio·
2167 2176 2209 2209 35

297 2249 310 2263 “
322 2249 419 2283 simo,
443 2246 508 2277 che
533 2256 596 2286 per
613 2255 752 2286 romper
767 2244 800 2275 13
816 2243 934 2275 strada
959 2254 977 2274 a
997 2243 1188 2274 l’intention
1248 2243 1262 2258 “
1278 2252 1351 2272 rum
1368 2242 1559 2273 intentione
1579 2248 1610 2273 et
1627 2241 1773 2283 amplius
1789 2241 1888 2273 vobis
1904 2240 2054 2272 nocendi
2069 2250 2140 2272 om-

293 2300 307 2315 “
325 2300 360 2332 di
387 2299 493 2330 nostri
509 2298 634 2329 inimisi
652 2304 686 2329 et
702 2298 768 2329 che
784 2307 848 2338 per
870 2296 980 2328 tuorie
1005 2295 1086 2338 ogni
1110 2306 1189 2337 pos·
1245 2295 1259 2310 “
1274 2294 1414 2326 nimoda
1439 2300 1611 2337 potestate
1635 2294 1791 2326 tollenda
1815 2294 1936 2326 civitas
1959 2293 2080 2325 Padue
2102 2294 2139 2324 in

296 2356 428 2394 “sanga
451 2351 495 2383 de
521 2361 684 2393 posserne
709 2351 799 2383 omai
824 2350 883 2391 piu
908 2359 1041 2386 nosere,
1066 2349 1132 2381 che
1158 2349 1189 2380 la
1248 2351 1262 2366 ‘⁴
1277 2348 1432 2380 manibus
1457 2354 1491 2380 et
1508 2348 1638 2380 ditione
1656 2347 1785 2380 domini
1804 2347 1909 2380 Canis
1923 2346 2033 2378 libere
2057 2357 2140 2378 con-

295 2409 309 2424 “
322 2406 474 2448 signoria
498 2404 591 2436 della
614 2404 682 2436 cita
706 2404 750 2435 de
775 2403 869 2435 Pava
892 2402 941 2434 sia
962 2402 1189 2434 liberamente
1247 2403 1261 2418 ‘⁴
1277 2402 1442 2444 signetur,
1459 2401 1502 2432 de
1522 2407 1634 2433 vestra
1653 2408 1767 2433 tamen
1784 2401 1962 2433 voluntate
1987 2400 2138 2442 propria.

295 2462 309 2476 “
324 2458 538 2500 consignada
555 2463 589 2489 et
607 2457 698 2489 dada
715 2467 735 2487 a
750 2466 859 2488 meser
875 2455 949 2487 Can
966 2455 1058 2486 della
1074 2453 1188 2493 Scala,
1247 2457 1261 2472 “
1275 2454 1379 2487 Unde
1403 2454 1525 2486 iterum
1544 2454 1688 2486 consulo
1708 2465 1748 2486 ac
1766 2455 1856 2491 volo,
1877 2461 1914 2485 ut
1931 2452 2025 2495 quod
2041 2452 2140 2485 vobis
2168 2446 2209 2476 40

295 2514 309 2529 “
323 2518 357 2544 et
371 2517 492 2554 questo
510 2511 552 2542 de
569 2516 684 2542 vostra
699 2509 840 2551 propria
857 2509 1055 2540 volontade.
1084 2509 1187 2540 Unde
1246 2510 1260 2525 ‘⁴
1273 2518 1313 2540 36
1338 2507 1462 2539 vestris
1486 2513 1580 2538 tante
1606 2508 1758 2539 fructum
1784 2506 1995 2550 frugalitatis
2019 2506 2139 2543 affert,

294 2568 306 2582 ‘⁴
321 2565 354 2597 io
370 2574 413 2596 ve
430 2563 571 2596 conseio
589 2569 622 2594 et
639 2563 717 2594 voio
734 2564 799 2594 che
818 2562 876 2593 vui
894 2561 1046 2593 reforme
1063 2561 1186 2593 adesso
1246 2563 1260 2578 “
1275 2560 1368 2593 illico
1393 2560 1592 2592 reformetis
1608 2584 1637 2597 „.
1677 2559 1784 2597 Quod
1808 2560 1867 2591 vix
1890 2559 2021 2591 domini
2045 2558 2139 2591 Mar-

291 2619 440 2660 “questa
464 2627 555 2652 cosa,
580 2616 646 2648 che
675 2616 694 2648 ὲ
725 2627 789 2658 per
813 2616 877 2647 dar
899 2620 995 2646 tanto
1020 2615 1128 2646 frutto
1153 2620 1187 2646 et
1239 2614 1303 2646 silii
1327 2613 1446 2645 ultimo
1471 2613 1610 2655 profato
1634 2613 1743 2645 verbo
1767 2613 1909 2644 ductum
1941 2618 1993 2645 est
2017 2613 2060 2643 ad
2084 2612 2137 2643 ef-

292 2672 416 2703 “tanta
439 2669 595 2701 utilitade
620 2680 639 2700 a
656 2669 712 2700 vui
730 2675 763 2700 et
787 2668 818 2699 ai
843 2668 947 2700 vostri
963 2691 992 2706 „.
1039 2668 1090 2699 La
1107 2668 1186 2710 qual
1238 2668 1381 2704 fectum,
1404 2667 1449 2697 ad
1472 2666 1578 2708 idque
1603 2667 1848 2709 exequendum
1872 2665 2038 2709 syndicus
2063 2664 2134 2705 [Sc-

288 2735 380 2762 eosa,
404 2735 423 2755 a
446 2733 538 2765 pena
565 2722 651 2753 ditta
683 2721 825 2753 l’ultima
855 2721 976 2763 parola
1007 2722 1051 2752 de
1075 2731 1186 2752 meser
1238 2721 1355 2763 quitur
1376 2721 1411 2751 in
1435 2719 1466 2751 A
1490 2720 1534 2759 (c.
1562 2720 1621 2751 112
1647 2720 1758 2762 sgg.)].
2162 2710 2202 2740 45

290 2777 461 2815 Mamilio,
478 2777 516 2807 fo
534 2774 707 2807 mandada
731 2776 776 2806 ad
801 2775 943 2806 effecto.
982 2774 1027 2806 Et
1044 2775 1090 2806 ad
1106 2774 1252 2816 complir
1268 2774 1300 2805 le
1317 2774 1470 2814 preditte
1487 2783 1568 2805 cose
1593 2774 1630 2805 fo
1655 2774 1761 2805 eletio
1778 2772 1912 2804 sindico
1930 2773 2069 2804 Iacomo
2093 2771 2139 2803 da

291 2830 521 2873 Curniglana;
539 2829 609 2870 poi,
627 2839 645 2859 a
663 2827 700 2860 (11
716 2834 796 2859 octo
814 2828 869 2859 del
886 2827 1084 2859 sovradicto
1102 2837 1207 2865 mese,
1224 2837 1336 2858 meser
1359 2825 1516 2857 Massilio
1543 2826 1587 2857 (13
1611 2826 1761 2858 Carrara
1782 2836 1848 2858 con
1866 2825 1965 2856 molti
1981 2825 2016 2856 di
2031 2824 2137 2856 nobili

292 2885 335 2915 de
361 2883 456 2914 Pava
479 2881 650 2913 cavalcho
675 2892 694 2912 a
717 2881 883 2923 Vieenea,
909 2880 941 2911 el
965 2881 1046 2922 qual
1069 2891 1183 2911 meser
1206 2878 1365 2911 Marsilio
1389 2889 1501 2909 meser
1524 2877 1598 2910 Can
1624 2879 1750 2911 receve
1777 2889 1843 2910 con
1868 2884 1964 2909 tanto
1996 2878 2139 2915 honore,

293 2938 359 2968 che
382 2937 451 2967 mai
475 2935 587 2977 prima
611 2945 655 2966 no
674 2935 710 2966 fo
727 2934 858 2966 audido
884 2934 927 2964 de
945 2934 1015 2965 cosi
1033 2934 1132 2965 fatto.
1179 2932 1224 2964 Et
1241 2931 1324 2968 cosi,
1342 2942 1361 2962 a
1377 2932 1410 2962 di
1428 2932 1523 2963 diese
1545 2933 1588 2964 tle
1607 2931 1789 2970 setembre,
1806 2942 1917 2963 meser
1929 2929 2003 2962 Can
2019 2940 2136 2963 sovra-

2160 2983 2201 3013 50

292 2989 377 3021 ditto
401 2989 491 3021 intro
517 2988 552 3019 in
576 2988 670 3020 Pava
694 2998 757 3029 per
780 2987 813 3018 la
837 2993 938 3028 porta
963 2987 1056 3018 della
1079 2985 1330 3019 Savonaruola.
