2290 3449
257 2865 288 2882 10

671 205 849 240 GESTA*
871 204 1175 240 MAGNIFICA
1205 202 1393 238 DOMUS
1421 202 1811 239 CARRARIENSIS

313 338 406 370 blico
431 337 571 370 conseio
595 338 627 369 61
651 337 838 379 magnifico
861 347 976 368 meser
993 335 1140 369 Ubertin
1157 334 1279 367 receve
1297 335 1327 366 ei
1345 334 1513 366 confalon
1530 333 1586 366 del
1609 334 1751 375 povolo,
1767 336 2011 376 promettando
2027 336 2159 368 iustisia

491 391 543 422 La
567 390 647 432 qual
671 400 753 422 cosa
777 389 953 421 nunciada
976 400 1038 430 per
1054 387 1253 421 ambaxaori
1279 399 1298 418 a
1323 387 1476 419 Venesia
1499 392 1533 419 et
1556 398 1576 418 a
1600 387 1781 429 Fiorenca‚
1806 388 1851 420 da
1868 387 1945 419 tutti
1969 388 2006 420 fo
2030 389 2111 421 loda
2127 389 2159 420 el

989 443 1034 475 Et
1057 443 1094 474 fo
1120 443 1151 473 le
1175 441 1326 483 preditte
1360 450 1440 472 cose
1464 441 1498 471 in
1531 440 1624 472 mille
1649 446 1802 472 tresento
1834 446 1949 473 trenta
1973 448 2056 479 otto,
2080 453 2100 473 a
2123 443 2157 474 di

314 403 334 423 a
359 392 445 424 tutti.

313 456 399 489 gran
423 455 530 477 senno
555 445 599 476 de
627 454 739 475 meser
770 442 940 475 Marsilio.

317 499 418 530 marti
442 498 536 530 diese
560 496 604 528 (16
628 507 757 538 marco.

406 605 476 636 149.
503 603 605 645 [149].
631 621 672 626 —-
697 602 779 635 Cosi
804 602 835 634 el
860 602 1044 644 magnifico
1068 612 1181 634 meser
1204 600 1362 633 Marsilio
1381 599 1424 631 da
1442 599 1601 638 Carrara,
1618 600 1720 632 homo
1738 600 1860 632 ardido
1886 606 1920 632 et
1942 600 2050 638 savio,
2077 612 2161 633 con-

313 657 453 690 stituido
477 667 514 688 so
538 656 669 689 herede
694 662 727 688 et
751 655 868 698 signor
893 655 936 687 de
960 654 1056 686 Pava
1079 665 1116 686 so
1141 655 1237 686 cosin
1255 663 1367 685 meser
1383 652 1533 685 Ubertin
1558 653 1603 685 da
1625 651 1784 691 Carrara,
1809 654 2017 685 sentendose
2042 664 2160 695 presso

314 711 382 742 alla
398 715 517 748 morte,
541 709 569 740 31
595 709 727 741 01(16ηὸ
753 708 784 740 61
808 718 845 739 30
870 713 1077 740 testamento
1101 713 1134 739 et
1151 717 1212 738 soa
1228 707 1345 738 ultima
1364 704 1513 738 volonta.
1546 706 1643 743 Item,
1661 705 1749 737 lasso
1766 717 1829 747 per
1844 706 1912 737 mal
1931 706 2040 738 tolleti
2059 713 2161 739 cento

314 765 408 795 milia
432 763 555 800 fiorini,
577 763 588 794 i
612 762 705 804 quali
730 762 798 793 ello
823 761 934 792 havea
958 760 1100 801 deponu
1123 760 1159 791 in
1184 760 1365 791 Venesiar
1382 758 1516 791 ordeno
1542 758 1607 790 che
1633 759 1725 790 fosse
1742 759 1828 790 fatte
1845 759 1965 801 ghiese
1993 765 2026 790 et
2043 760 2157 798 altari,

316 824 351 849 et
373 816 620 858 specialmente
646 815 677 847 el
701 814 912 846 monastiero
937 814 979 845 de
1005 813 1134 845 Sancta
1157 813 1271 845 Maria
1296 823 1385 845 nova
1409 812 1501 844 dalla
1525 810 1670 857 01166113
1694 813 1739 844 da
1762 812 1915 844 Venesia
1938 812 1981 844 de
2005 812 2161 846 l’ordene

315 871 351 902 di
374 869 486 906 Servi,
512 869 543 900 el
565 868 645 911 qual
669 867 878 900 monastiero
904 866 972 898 ello
1005 866 1086 898 doto
1119 866 1443 898 abondevolmente.
1489 865 1676 896 Executori
1701 865 1757 897 del
1790 865 1871 907 qual
1894 876 1931 897 so
1955 871 2160 898 testamento

313 923 380 955 ello
405 923 513 955 elesse
537 922 548 953 i
572 921 790 963 procuratori
816 921 859 952 de
884 919 955 950 San
979 919 1114 951 Marco.
1161 920 1235 957 Poi,
1259 920 1334 952 toiti
1359 919 1437 950 tutti
1462 920 1471 949 i
1496 918 1708 961 sagramenti
1732 918 1824 950 (16113
1841 918 1971 950 Ghiesa
1989 928 2055 951 con
2072 929 2159 961 gran

314 976 490 1013 devotion,
514 987 533 1006 a
559 975 592 1006 di
620 984 681 1005 xX1
707 975 750 1006 de
777 983 904 1014 marco,
929 972 974 1004 de
998 973 1090 1004 fluxo
1116 973 1158 1004 de
1184 978 1305 1004 ventre
1329 972 1420 1014 pago
1439 971 1471 1002 el
1489 971 1607 1003 debito
1632 971 1725 1002 della
1748 981 1863 1003 carne.
1911 971 1954 1003 El
1970 982 2079 1013 corpo
2104 972 2162 1004 del

316 1029 397 1072 qual
420 1029 590 1071 sepellido
614 1028 725 1069 primo
749 1039 769 1058 a
793 1026 898 1058 Santo
923 1025 1114 1063 Anthonio‚
1138 1025 1198 1068 poi
1220 1026 1256 1058 fo
1281 1026 1431 1067 portado
1464 1036 1483 1056 a
1515 1024 1672 1057 Carrara.
1719 1024 1771 1056 Le
1795 1035 1895 1066 spese
1925 1025 2018 1056 della
2048 1026 2163 1067 sepol-

315 1089 392 1115 tura
416 1083 453 1114 fo
478 1081 522 1114 de
547 1088 620 1112 trea
643 1080 738 1112 milia
763 1079 892 1112 ducati.

407 1187 477 1220 150.
503 1187 608 1229 [15Ο].
634 1207 675 1211 -
700 1186 742 1217 Ei
769 1186 855 1217 ditto
879 1195 994 1216 meser
1018 1184 1176 1217 Marsilio
1201 1185 1313 1217 havea
1338 1185 1552 1227 comencado
1577 1196 1596 1216 a
1614 1194 1743 1227 cenger
1759 1184 1803 1215 de
1828 1194 1926 1216 muro
1950 1184 1961 1215 i
1986 1185 2087 1228 borgi
2112 1186 2155 1217 de

312 1241 406 1273 Pava
431 1241 524 1272 dalla
547 1246 647 1282 porta
672 1239 766 1271 della
789 1238 926 1270 Trinith
949 1238 1056 1270 infma
1079 1248 1099 1269 a
1125 1238 1196 1270 San
1221 1238 1385 1276 Μ1611616,
1410 1249 1475 1276 ma,
1499 1237 1779 1280 sovravignando
1795 1238 1830 1268 13
1847 1243 1969 1276 morte,
1993 1237 2051 1270 nol
2075 1239 2160 1280 pose

317 1295 466 1336 compir3
492 1294 525 1325 le
550 1294 630 1336 qual
654 1303 734 1324 cose
759 1292 789 1323 6]
814 1291 1000 1334 magnifico
1033 1302 1145 1323 meser
1176 1291 1328 1323 Ubertin
1360 1291 1437 1323 drio
1462 1291 1495 1322 la
1518 1297 1627 1323 morte
1660 1291 1718 1322 del
1743 1290 1832 1323 ditto
1863 1301 1978 1322 meser
2008 1291 2164 1324 Marsilio

316 1346 430 1390 compi
449 1357 514 1379 con
538 1357 583 1378 no
607 1346 723 1387 pocha
747 1355 856 1386 spesa.
901 1344 944 1376 Et
967 1345 1054 1376 mori
1073 1345 1104 1375 61
1122 1344 1274 1386 preditto
1295 1343 1411 1375 l’anno
1436 1349 1730 1386 quarantaquatro
1756 1342 1848 1375 della
1864 1354 1925 1375 soa
1942 1342 2008 1375 eta.
2039 1344 2107 1376 Per
2130 1345 2164 1376 la

312 1407 421 1434 morte
438 1400 493 1432 (161
512 1399 612 1442 quale
630 1399 675 1430 da
690 1397 845 1431 Venesia
862 1409 974 1429 meser
990 1397 1141 1439 Bertuco
1160 1397 1361 1439 Gradonigo
1379 1403 1413 1429 et
1429 1396 1573 1429 Andrea
1590 1397 1755 1438 Momsin,
1772 1397 1816 1428 da
1839 1396 2009 1438 Fiorenca
2026 1396 2156 1440 Giroco

311 1455 347 1488 di
371 1454 478 1486 Bardi
502 1460 536 1485 et
560 1452 686 1484 Alexio
711 1462 803 1493 61136,
827 1462 891 1493 per
914 1457 1013 1492 parte
1037 1451 1072 1482 di
1096 1451 1145 1482 soi
1179 1451 1330 1492 comuni,
1363 1461 1475 1482 venne
1507 1461 1527 1481 a
1551 1450 1646 1482 Pava
1677 1450 1878 1482 ambaxaori
1909 1450 1940 1481 al
1972 1451 2158 1493 magnifico

314 1518 425 1540 meser
448 1506 610 1545 Uberffin,
634 1505 896 1537 lamentandose
921 1504 1030 1536 molto
1056 1505 1147 1536 della
1171 1510 1281 1536 morte
1301 1504 1345 1536 de
1370 1515 1483 1535 meser
1506 1503 1661 1535 Marsilio
1679 1509 1713 1535 et
1728 1502 1905 1536 laudando
1929 1504 2035 1536 molto
2052 1505 2085 1536 la
2101 1515 2163 1536 soa

311 1563 383 1594 vita
408 1562 452 1592 de
475 1559 609 1604 grande
643 1557 787 1591 lialtade
819 1564 853 1590 et
883 1568 1004 1595 senno,
1037 1557 1242 1599 aconcando
1266 1557 1298 1589 16
1323 1567 1382 1588 306
1407 1558 1629 1589 comunitade
1659 1557 1787 1588 havere
1815 1557 1993 1589 recevudo
2025 1559 2159 1600 grande

314 1615 502 1656 anegreqe*
520 1612 616 1645 della
640 1623 701 1644 soa
725 1612 917 1653 prudencia
943 1616 976 1643 et
1001 1611 1240 1652 providencia,
1258 1616 1293 1643 et
1309 1611 1558 1652 specialmente
1584 1610 1649 1642 che
1677 1610 1747 1641 ello
1771 1610 1806 1641 in
1825 1610 1860 1641 la
1875 1620 1935 1641 soa
1951 1610 1997 1641 fin
2013 1611 2157 1643 havesse

317 1667 472 1710 provech
497 1665 590 1699 della
613 1676 673 1698 soa
705 1675 854 1706 persona
877 1665 913 1696 in
944 1664 1061 1708 signor
1094 1666 1137 1696 de
1169 1664 1274 1696 Pava.
1320 1665 1366 1696 Ai
1398 1664 1489 1707 quali
1521 1664 1688 1696 recevudi
1712 1673 1779 1695 con
1811 1664 1946 1706 grande
1971 1663 2101 1696 honore
2125 1665 2158 1697 el

315 1721 499 1764 magnifico
523 1718 809 1751 meser-Ubertin
833 1718 944 1750 rende
968 1719 1074 1750 moite
1097 1718 1226 1761 gracie,
1257 1718 1440 1749 offerando
1474 1717 1517 1749 de
1549 1717 1647 1749 voler
1678 1727 1882 1758 perseverat
1907 1727 1974 1748 con
2007 1716 2037 1748 le
2069 1716 2156 1750 ditte

311 1774 534 1808 comunitade
558 1773 594 1804 in
618 1772 734 1815 quella
759 1772 948 1804 medesima
971 1771 1212 1808 fraternitade,
1237 1771 1273 1802 in
1296 1771 1329 1802 13
1353 1771 1456 1813 quale
1480 1781 1547 1803 con
1573 1770 1631 1802 elli
1657 1780 1716 1802 era
1739 1770 1770 1801 ei
1788 1771 2020 1812 sovrascripto
2044 1781 2159 1802 meser

313 1827 469 1860 Marsilio
495 1827 540 1858 da
564 1826 723 1858 Carrara.

314 1944 480 1978 XXVIII.
499 1962 539 1966 -
565 1942 592 1974 I
609 1942 749 1984 signori
769 1942 893 1973 mesier
922 1941 1065 1974 Ubertin
1092 1946 1125 1972 et
1147 1941 1214 1973 Bo-

401 1998 540 2041 m‘facz'o.

407 2106 476 2137 151.
502 2104 580 2146 [47].
606 2122 647 2127 -—
671 2103 830 2136 Succede
852 2103 921 2136 fioli
938 2114 958 2134 a
973 2105 1100 2136 mesier
1116 2103 1215 2134 Iaco-

312 2161 386 2192 min
421 2160 465 2192 da
498 2158 682 2191 Carrara‘.
726 2158 779 2190 De
814 2158 885 2190 l'un
917 2159 962 2191 de
995 2159 1117 2200 questi,
1151 2157 1213 2201 coe

312 2213 437 2245 mesier
454 2212 650 2250 Bonifacio‚
666 2212 783 2253 pocho
800 2211 833 2243 io
849 2216 960 2250 trovo,
976 2211 1117 2252 perche,
1135 2222 1213 2253 per-

313 2266 467 2309 vignudo
491 2265 584 2297 (13113
606 2270 716 2296 morte
739 2265 775 2296 in
799 2275 859 2296 soa
883 2275 1071 2307 coveneca,
1095 2264 1212 2306 pocho

313 2319 398 2361 pose
423 2320 509 2350 fare.
554 2319 606 2350 De
631 2317 755 2355 l'altro,
784 2317 847 2360 coe
866 2327 977 2350 meser
993 2317 1154 2355 Ubertin,
1178 2317 1212 2349 io

403 2477 410 2493 ¹
431 2478 469 2503 Di
484 2478 639 2502 Bonifacio
653 2476 667 2502 'e
681 2477 795 2501 ricordo
810 2477 872 2500 solo
887 2476 932 2500 nel
947 2477 1119 2500 testamento
1134 2475 1208 2500 delia

314 2522 360 2545 zla
374 2523 499 2552 paterna,
520 2520 614 2548 Anna,
629 2520 690 2544 ved.
704 2519 912 2549 Deiesmanini,
928 2519 972 2542 del
991 2525 1065 2549 1311,
1079 2526 1094 2542 3
1112 2519 1209 2542 favore

314 2564 341 2587 di
362 2564 403 2587 lui
424 2570 438 2587 e
458 2563 501 2586 del
523 2562 650 2586 fratello.
689 2562 830 2586 Ubertino
846 2562 944 2585 invece
958 2561 1010 2585 sali
1027 2562 1052 2585 ai
1068 2561 1207 2593 maggiori

313 2605 401 2629 011011
419 2606 452 2629 6(1
472 2605 540 2628 ebbe
560 2606 639 2636 parte
656 2603 884 2637 preponderante
904 2603 981 2628 nella
996 2604 1085 2627 storia
1098 2602 1143 2627 del
1158 2610 1209 2626 suo

314 2650 418 2680 tempo.
454 2647 477 2671 Il
499 2647 608 2672 Ceoldo
629 2647 748 2677 (Albero,
770 2655 794 2678 p.
815 2645 860 2678 46)
881 2647 910 2670 di
930 2646 981 2676 lui,
1000 2653 1079 2670 come
1093 2647 1121 2669 di
1138 2647 1210 2669 Mar-

314 2689 392 2717 silio,
413 2696 464 2712 con
484 2688 505 2711 il
527 2688 652 2711 sussidio
674 2687 702 2710 di
729 2687 855 2718 pubbUci
882 2687 1046 2711 istrumenti
1073 2687 1108 2710 ha
1136 2687 1210 2710 fatto

313 2738 370 2755 una
390 2733 505 2755 strenua
526 2730 624 2761 difesa,
647 2737 696 2762 per
716 2730 851 2762 purgarlo
875 2731 1040 2761 sopratutto
1066 2729 1143 2753 (13116
1168 2737 1211 2752 ac-

313 2780 377 2796 cuse
406 2773 514 2796 rivolte
544 2772 591 2795 dal
618 2772 756 2795 Mussato.
793 2771 861 2795 Aila
887 2770 1077 2803 passionalita
1105 2778 1211 2794 mussa-

313 2817 394 2839 tIana
414 2822 471 2838 non
492 2813 506 2838 e
526 2814 683 2838 sufficiente
702 2815 838 2838 smentsta
858 2814 885 2837 la
906 2811 1054 2837 formant&
1080 2814 1212 2837 111110613-

314 2859 373 2881 tica
393 2858 421 2881 di
442 2857 551 2888 singoli
571 2857 635 2882 atti.
672 2856 841 2888 Comunque
861 2857 936 2880 circa
962 2857 1211 2888 l’atteggiamento

315 2901 451 2933 pubblico
471 2908 484 2924 6
503 2901 619 2931 privato
639 2899 715 2923 della
735 2906 785 2923 sua
805 2900 865 2923 vita
885 2906 899 2923 e
919 2900 994 2922 circa
1014 2899 1041 2922 la
1068 2906 1117 2922 sua
1142 2898 1212 2922 atti-

318 2940 379 2966 vita
400 2943 519 2974 politica
540 2942 565 2966 si
593 2943 663 2966 vecla
689 2942 776 2972 Bmm,
809 2942 936 2966 libertino
955 2942 990 2965 da
1015 2942 1149 2970 Carrara,
1174 2940 1211 2964 si-

313 2992 401 3015 gnore
420 2984 450 3008 di
469 2984 593 3016 Padova,
613 2981 693 3008 Citta
714 2983 742 3007 di
764 2982 902 3013 Castello,
927 2983 1009 3016 Lapi,
1035 2989 1111 3015 1905·
1149 2981 1211 3006 Una

1267 1941 1436 1973 XXVIII.
1459 1959 1503 1963 ——
1523 1941 1669 1973 Domini
1694 1940 1874 1973 Ubertimas
1896 1945 1929 1972 et
1948 1939 2163 1983 Bonifacius,

1346 1995 1497 2037 fratres.

1359 2101 1430 2132 151.
1456 2101 1537 2142 [47].
1564 2120 1602 2123 -
1636 2101 1716 2133 Filii
1747 2102 1888 2133 domino
1918 2100 2087 2134 Iacobino
2119 2101 2163 2133 de

1266 2155 1426 2187 Carraria
1443 2161 1697 2187 successerunt.
1744 2155 1825 2192 Sed,
1842 2166 1919 2187 cum
1936 2155 2165 2187 successionis

1266 2220 1384 2241 eorum
1400 2209 1464 2250 ipsi
1483 2209 1622 2240 domino
1639 2209 1804 2241 Iacobino
1822 2215 1954 2241 rectum
1976 2209 2061 2240 mihi
2077 2214 2164 2240 tem-

1266 2273 1330 2305 pus
1353 2273 1421 2294 non
1445 2268 1591 2299 constet,
1615 2262 1702 2293 iilud
1726 2272 1791 2304 ego
1815 2268 1963 2304 tempus,
1993 2262 2087 2304 quod
2118 2261 2164 2293 de

1265 2315 1349 2358 ipsis
1371 2316 1519 2357 reperio,
1544 2316 1603 2347 hic
1626 2316 1718 2347 infra
1743 2316 1948 2348 describam.
1995 2315 2040 2347 Hi
2073 2315 2163 2347 enim

1264 2475 1361 2507 lapide
1381 2473 1477 2498 infissa
1498 2474 1576 2497 nello
1602 2473 1707 2498 Chiesa
1733 2474 1761 2498 di
1789 2474 1816 2498 S.
1841 2473 1963 2498 stefano
1987 2474 2015 2498 di
2042 2472 2163 2498 carrara

1264 2517 1442 2548 (SALomom,
1468 2517 1546 2541 L'rln's
1564 2517 1665 2540 Pntav.
1687 2517 1828 2547 inscripta,
1849 2524 1875 2548 p.
1890 2516 1949 2549 381,
1967 2524 1992 2540 n.
2008 2515 2033 2547 5)
2049 2517 2164 2540 ricorda

1264 2564 1292 2588 la
1311 2566 1360 2583 sua
1380 2561 1480 2588 morte,
1501 2566 1578 2583 601116
1599 2566 1666 2591 pure
1686 2558 1700 2583 ὲ
1720 2560 1861 2583 annotata
1880 2558 1958 2590 negli
1979 2558 2035 2582 atti
2055 2558 2100 2582 del
2125 2560 2163 2583 ci-

1264 2604 1325 2626 tato
1345 2602 1444 2625 notaio
1465 2600 1613 2625 Giovanni
1636 2601 1664 2624 di
1685 2602 1842 2625 Francesco
1863 2601 2041 2625 strazzarolo
2060 2600 2164 2632 (ARCH-

1264 2644 1385 2674 Noun„
1406 2643 1541 2671 PADOVA,
1564 2644 1678 2667 lmbrev.
1699 2645 1724 2667 d.
1747 2644 1880 2673 lobannis,
1900 2643 1919 2667 1.
1945 2643 1966 2672 I,
1986 2650 2009 2666 c.
2037 2649 2085 2674 302
2114 2643 2162 2669 “d,

1267 2687 1279 2699 “
1292 2686 1318 2710 d.
1338 2685 1495 2709 Ubertinus
1516 2694 1540 2717 q,
1558 2686 1583 2709 d.
1598 2686 1728 2710 Iacobini
1743 2686 1776 2710 de
1790 2684 1935 2714 Carraria,
1949 2687 2017 2709 tunc
2032 2686 2164 2710 dominus

1266 2728 1430 2759 “generalis
1451 2728 1527 2751 dicte
1546 2729 1679 2753 civitatis
1698 2728 1801 2756 padue,
1821 2730 1868 2759 qui
1891 2728 1967 2752 obiit
1993 2727 2038 2751 die
2064 2728 2163 2752 martis

1266 2770 1278 2783 '¹
1293 2777 1323 2802 29
1345 2771 1415 2795 dieti
1437 2772 1551 2801 mensiS,
1571 2778 1621 2794 ora
1635 2771 1729 2795 noctis
1744 2771 1775 2794 in
1790 2778 1862 2794 sono
1882 2771 1967 2794 tertie
1986 2777 2044 2800 ore,
2061 2772 2088 2794 et
2103 2770 2164 2802 pul-

1268 2814 1281 2826 “
1294 2815 1356 2838 sata
1377 2814 1492 2837 suerunt
1512 2814 1689 2837 tintInabula
1710 2814 1740 2837 in
1762 2820 1841 2837 nono
1861 2813 1961 2844 quinte
1975 2819 2037 2836 ore:
2054 2813 2110 2836 fuit
2124 2820 2163 2837 se-

1268 2855 1389 2887 “puitus
1409 2855 1455 2878 die
1475 2856 1610 2879 mercurii
1633 2861 1667 2885 30
1692 2855 1762 2879 dicti
1790 2854 1903 2884 mensis,
1932 2855 1964 2878 de
1988 2854 2033 2877 die
2059 2856 2087 2878 et
2113 2861 2163 2878 013

1268 2898 1280 2910 “
1292 2899 1387 2926 tertia,
1399 2897 1432 2920 aci
1453 2897 1599 2921 ecclesiam
1621 2897 1646 2921 S.
1666 2897 1834 2929 Augustini,
1852 2898 1879 2920 et
1893 2896 1993 2920 habuit
2010 2896 2059 2920 xn
2073 2902 2162 2927 equos

1268 2940 1424 2972 “copertos
1444 2942 1470 2963 ct
1491 2940 1514 2963 X
1534 2940 1685 2963 bauderias
1697 2959 1702 2963 .
1717 2958 1738 2964 ..
1750 2956 1757 2964 .
1777 2941 1804 2963 et
1826 2945 1875 2962 120
1894 2938 2041 2970 doplerios
2051 2955 2075 2970 „.

2189 869 2227 899 10

2184 1185 2222 1218 15

2185 1454 2226 1484 20

2192 2103 2235 2134 30

2192 2737 2226 2755 20
