2290 3449
287 187 362 222 280
634 188 805 223 GESTA
833 189 1140 232 MAGNIFICA
1170 189 1355 224 DOMUS
1385 190 1778 227 CARRARIENSIS

283 320 375 361 quel,
399 320 464 351 che
489 320 557 352 ello
581 321 693 353 havea
716 322 751 352 in
776 323 901 360 animo,
917 323 1006 355 lasso
1030 324 1154 366 vegnir
1169 333 1207 355 so
1231 323 1341 354 barba
1365 323 1462 365 quasi
1480 324 1548 355 fina
1564 323 1598 356 13
1621 329 1721 365 porta
1745 324 1803 356 del
1827 326 1980 366 castello,
1997 326 2127 368 piando

284 372 315 403 el
341 373 429 405 ditto
454 373 562 405 barba
586 385 755 416 speranca
777 376 822 408 de
847 376 953 408 haver
978 378 1021 408 da
1048 377 1092 408 lui
1117 377 1209 418 quel,
1233 378 1299 408 8118
1324 376 1345 407 ’1
1371 387 1529 414 cercava,
1555 384 1590 409 et
1605 377 1636 408 el
1654 377 1744 409 ditto
1761 379 1850 410 nevo
1867 389 1911 410 no
1928 380 1959 410 ie
1975 379 2126 411 fasando

282 436 299 456 e
325 427 525 458 mostrando
550 427 650 470 signo
675 429 779 471 algun
804 430 847 461 de
871 431 1027 467 38311513,
1052 430 1083 461 81
1104 431 1194 462 1355ὸ
1218 430 1333 473 vignir
1356 430 1424 462 lina
1447 431 1481 461 la
1504 430 1592 462 ditta
1614 437 1725 472 porta.
1770 431 1832 463 Ma
1850 432 1907 473 po’
1930 432 2057 464 ch'ello
2088 443 2125 464 se

281 479 369 509 vede
395 479 426 509 el
450 485 567 521 tempo
591 479 635 512 de
659 492 704 513 no
728 492 849 523 posser
871 483 999 515 fallira
1016 494 1151 521 nosere,
1176 484 1360 515 chiamado
1386 483 1496 524 prima
1512 493 1550 515 so
1565 483 1674 515 barba
1689 484 1868 523 traditore,
1892 495 1959 516 con
1983 497 2029 516 un
2046 486 2126 526 palo

284 531 327 562 de
352 532 447 563 ferro
471 533 503 564 el
528 539 629 574 passo
654 536 697 566 da
720 535 792 566 l'un
816 536 861 567 la'
877 548 897 567 3
915 536 1037 574 l'altro‚
1062 537 1094 568 el
1119 537 1200 580 qual
1224 537 1336 569 subito
1354 537 1438 568 mori
1453 537 1478 568 11
1495 537 1619 574 subito,
1637 536 1692 578 po‘
1708 537 1841 578 scripse
1859 538 1890 569 el
1908 539 2008 576 fatto,
2026 548 2126 570 como
2151 537 2168 568 5

283 584 314 615 81
339 595 397 616 era
420 592 482 623 sta,
505 592 540 618 et
563 587 672 619 letere
697 590 729 620 al
753 589 947 631 magnifico
973 590 1110 623 Iacomo
1135 591 1181 621 da
1203 590 1362 627 Cari-ara,
1387 600 1486 622 como
1511 591 1579 622 ello
1604 591 1637 621 ie
1661 590 1761 621 volea
1780 591 1842 621 dar
1864 591 1896 622 el
1914 591 2059 623 castello
2083 591 2126 623 de

284 638 434 678 Percene
458 645 492 671 et
517 641 581 671 che
605 641 627 671 ’l
651 651 694 684 ge
720 642 903 674 mandasse
926 650 1043 685 gente,
1070 644 1104 675 le
1129 644 1208 686 qual
1234 650 1337 685 gente
1356 643 1487 675 subito
1517 644 1691 675 mandade
1721 643 1745 674 11
1775 654 1839 685 per
1870 644 1902 675 lo
1933 645 2126 676 sovraditto

282 692 474 734 magnifico
499 693 654 730 Iacomo,
677 695 745 726 ello
767 696 801 726 ie
826 695 868 727 (18
893 697 925 727 81
950 696 1036 727 ditto
1061 696 1215 728 castello.
1264 696 1323 728 Ma
1348 697 1392 728 da
1409 696 1467 738 po’
1491 697 1557 728 che
1574 695 1596 727 ’1
1613 697 1702 728 have
1721 697 1813 728 dado
1831 696 1862 727 el
1879 696 1968 728 ditto
1985 696 2128 729 castello

283 753 344 784 per
367 755 426 776 soe
450 746 652 787 persuasion
677 753 710 779 et
733 748 851 780 consei
876 749 907 779 81
932 749 1086 789 prefatto
1111 749 1296 791 magnifico
1320 750 1460 782 Iacomo
1491 749 1650 791 acquistb
1683 749 1799 785 Selva,
1831 749 2069 781 Rochabruna
2094 754 2129 781 et

282 798 425 840 Levigo.
465 798 535 830 Per
557 799 588 830 13
614 801 695 842 qual
718 811 800 832 cosa
823 808 875 833 tra
899 801 931 832 el
948 802 1129 833 marchese
1149 803 1192 834 de
1209 803 1499 844 Brandemburgo
1517 809 1551 833 et
1567 803 1707 834 Iacomo
1727 803 1770 833 da
1787 802 1934 834 Carrara
1958 802 2126 844 comencb
2156 803 2192 834 10

282 851 290 880 i
315 851 421 882 animi
445 852 556 893 grossi
581 860 615 884 et
639 854 647 883 i
672 854 835 894 principii
860 854 952 886 della
977 855 1168 893 discordia,
1193 856 1258 887 che
1283 856 1339 897 po'
1363 856 1400 886 fo
1426 866 1533 887 cason
1558 856 1623 886 che
1649 855 1670 885 ’l
1696 856 1782 887 ditto
1804 856 1985 887 marchese
2001 857 2128 897 piiasse

281 915 406 946 guerra
431 905 507 937 drio
533 907 565 936 la
589 912 698 938 morte
722 908 779 938 del
804 907 891 939 ditto
916 908 1057 939 Iacomo
1081 918 1149 940 con
1173 909 1183 939 1
1211 909 1262 941 501
1294 909 1500 941 successori.

369 1002 444 1034 225.
470 1002 572 1043 [175].
601 1022 636 1026 —
663 1004 718 1035 En
741 1004 818 1045 quel
843 1015 946 1042 anno,
979 1006 1035 1037 del
1067 1016 1160 1037 mese
1192 1007 1236 1038 de
1268 1006 1390 1044 avrile,
1422 1007 1568 1049 Jacomo
1600 1007 1645 1038 de
1680 1006 1869 1049 Guaignin‚
1900 1008 2051 1038 nassudo
2083 1007 2128 1038 de

282 1055 381 1087 basso
406 1062 440 1087 et
463 1056 530 1087 vile
555 1057 759 1098 parentado,
786 1068 851 1089 con
877 1057 1095 1090 moltitudine
1120 1059 1164 1090 de
1189 1059 1320 1091 homini
1352 1060 1483 1092 armadi
1515 1060 1674 1091 combate
1699 1059 1767 1091 alla
1796 1070 1855 1092 soa
1885 1060 2027 1101 propria
2050 1071 2130 1092 casa

280 1119 392 1141 meser
414 1109 593 1152 Indrigeto
618 1110 661 1141 de
686 1109 831 1153 Monga,
849 1111 880 1142 el
905 1111 985 1153 qual
1003 1112 1046 1143 de
1064 1112 1350 1144 comandamento
1369 1113 1411 1144 de
1430 1112 1656 1154 l¹imperador
1672 1123 1799 1155 regeva
1816 1113 1963 1152 Civiale,
1980 1114 2013 1144 el
2037 1113 2125 1145 ditto
2155 1114 2192 1144 15

282 1172 395 1194 meser
419 1163 596 1205 Indrigeto
621 1173 722 1205 prese
739 1170 774 1195 et
790 1164 907 1195 ancise
933 1171 966 1195 et
982 1166 1068 1196 tolse
1083 1167 1117 1196 in
1143 1166 1170 1197 51
1187 1166 1219 1197 13
1235 1166 1398 1208 signoria.
1438 1166 1506 1197 Per
1522 1167 1555 1197 la
1572 1167 1651 1208 qual
1670 1166 1837 1197 iniustisia
1855 1177 1968 1198 mosso
1985 1166 2018 1197 el
2034 1166 2128 1207 capi-

280 1216 388 1252 tamo,
411 1216 443 1246 el
467 1217 548 1257 qual
573 1227 633 1258 per
659 1227 770 1248 meser
795 1218 827 1248 lo
852 1218 1051 1259 imperador
1075 1229 1134 1249 era
1157 1219 1193 1249 in
1208 1219 1243 1250 10
1262 1219 1416 1256 castello,
1441 1229 1476 1249 se
1504 1219 1654 1251 lamento
1672 1220 1702 1250 31
1721 1220 1904 1262 magnifico
1921 1220 2068 1262 Jacomo
2086 1220 2129 1251 da

283 1268 442 1306 Carrara,
468 1270 512 1300 (18
537 1270 828 1302 comandamento
853 1271 909 1302 del
935 1271 1036 1313 quale
1061 1272 1157 1315 ,01133
1184 1272 1258 1303 Can
1281 1272 1338 1304 dei
1372 1273 1581 1315 Engelfredi
1614 1283 1679 1304 con
1712 1279 1817 1314 gente
1849 1273 1980 1303 d’arme
2013 1273 2129 1303 caval-

283 1322 349 1353 811ὸ
373 1322 406 1353 31
433 1322 577 1354 castello
601 1323 644 1354 de
669 1323 813 1359 Civiale,
840 1330 873 1355 et
897 1325 941 1356 de
966 1324 988 1356 li
1010 1325 1100 1356 intro
1125 1325 1159 1355 in
1183 1325 1216 1356 la
1241 1331 1334 1357 terra
1358 1331 1392 1357 et
1415 1336 1515 1366 prese
1539 1326 1685 1368 Jacomo
1710 1326 1753 1357 de
1780 1326 1967 1368 Guaignin,
1996 1326 2132 1357 11838118

281 1374 301 1405 ’1
326 1375 419 1406 fosse
443 1385 561 1407 sosero
587 1376 645 1407 del
662 1377 750 1408 ditto
767 1377 866 1421 (jaan
883 1376 969 1414 Can,
987 1384 1020 1409 et
1036 1378 1063 1408 si
1083 1379 1115 1409 81
1139 1379 1266 1410 mando
1284 1390 1303 1409 a
1320 1379 1413 1410 Pava
1430 1385 1520 1410 sotto
1540 1379 1630 1411 bona
1647 1380 1789 1422 guarda.
1827 1379 1869 1410 El
1887 1380 1967 1421 qual
1983 1380 2130 1422 Jacomo
2155 1381 2195 1410 20

280 1428 323 1458 de
349 1428 523 1470 Guaignin
546 1429 692 1471 Jacomo
717 1430 762 1462 da
787 1430 936 1462 Carrara
959 1431 1054 1462 volse
1080 1441 1174 1463 esser
1197 1431 1232 1463 in
1256 1442 1315 1463 soa
1339 1432 1474 1470 liberta,
1499 1438 1532 1464 et
1555 1432 1706 1469 Civiale‚
1724 1432 1850 1464 ch’ello
1868 1442 1992 1474 possea
2015 1433 2130 1475 tegnir

278 1492 340 1522 per
363 1481 390 1513 si
414 1481 650 1521 liberamente,
675 1482 764 1515 13550
787 1493 807 1514 3
832 1483 1085 1525 l'imperadore.

369 1579 444 1610 226.
469 1578 569 1622 [1761.
594 1600 635 1605 —
659 1580 712 1611 Ne
736 1580 854 1612 l’anno
878 1581 934 1612 del
959 1582 1086 1624 Signor
1110 1582 1205 1614 mille
1230 1588 1382 1614 tresento
1406 1589 1575 1624 quaranta
1599 1589 1684 1620 otto,
1709 1583 1766 1615 del
1782 1593 1875 1614 mese
1908 1582 1952 1614 de
1983 1589 2132 1624 septem-

280 1632 350 1669 bre,
377 1631 473 1663 Cavo
498 1632 646 1670 d'Istria,
670 1633 860 1665 introducti
886 1635 1009 1667 dentro
1028 1635 1037 1665 i
1054 1635 1243 1673 Todeschi,
1260 1635 1391 1667 revello
1408 1635 1477 1667 alla
1493 1636 1642 1678 signoria
1660 1636 1704 1667 de
1721 1635 1880 1667 Venesia.
1916 1636 1984 1667 Per
2001 1637 2033 1667 la
2050 1637 2130 1678 qual

280 1695 360 1716 cosa
383 1686 394 1716 i
419 1684 615 1718 Veneciani
636 1687 811 1718 domando
835 1687 962 1719 alturio
988 1699 1006 1719 a
1030 1688 1173 1730 Jacomo
1191 1690 1236 1720 da
1253 1689 1413 1727 Carrara,
1430 1689 1462 1720 el
1479 1690 1560 1731 qual
1578 1689 1699 1721 alturio
1716 1689 1829 1720 subito
1847 1688 1878 1720 el
1896 1689 1962 1720 de'.
2009 1689 2129 1720 Allora
2155 1690 2194 1719 25

280 1739 289 1768 i
314 1738 460 1770 citadini
483 1739 526 1771 de
547 1739 652 1771 Cavo‘
667 1739 816 1779 d'Istria‚
840 1741 1012 1773 assediadi
1030 1742 1074 1772 da
1092 1741 1172 1784 ogni
1197 1747 1306 1783 parte,
1331 1742 1403 1773 cosi
1420 1753 1482 1783 per
1498 1753 1593 1773 mare
1618 1752 1717 1774 como
1738 1752 1800 1783 per
1818 1748 1922 1779 terra,
1939 1741 2067 1783 partidi
2092 1741 2132 1784 ca

278 1792 287 1822 i
312 1792 492 1824 Todeschi
517 1799 552 1825 et
575 1793 762 1825 abandona
786 1793 970 1836 ogn'astro,
994 1805 1031 1826 se
1055 1794 1164 1826 rende
1189 1795 1256 1826 alla
1280 1795 1434 1838 signoria
1457 1796 1500 1827 de
1525 1795 1689 1827 Venesia.

367 1890 442 1923 227.
468 1889 573 1932 [177].
601 1910 640 1914 -
663 1891 817 1923 Passado
834 1891 890 1933 po'
907 1892 1035 1929 Panno,
1053 1903 1071 1923 3
1087 1892 1123 1924 (11
1140 1892 1253 1933 primo
1279 1893 1322 1924 de
1339 1893 1491 1930 fevraro,
1509 1893 1541 1924 el
1557 1893 1743 1935 magnifico
1762 1893 1904 1936 Jacomo
1921 1894 1965 1925 da
1982 1894 2131 1926 Carrara

281 1942 372 1974 ando
395 1954 415 1974 a
440 1943 593 1982 Vinesia,
619 1950 652 1976 et
676 1944 698 1975 li
722 1951 825 1976 tenne
850 1956 919 1976 una
943 1955 1029 1987 gran
1054 1952 1162 1983 corte,
1180 1946 1332 1987 facando
1355 1946 1508 1977 solemne
1526 1947 1614 1977 festa
1632 1945 1725 1977 della
1750 1946 1821 1977 8113
1841 1946 1882 1976 (18
1901 1946 2129 1983 Cavodistria,

279 1996 344 2027 che
375 2007 411 2028 58
444 1997 556 2029 113ν83
587 1997 778 2029 rehabuda.
826 1999 1104 2031 Recordandose
1134 2000 1168 2030 13
1199 1998 1353 2041 signoria
1385 1998 1428 2030 de
1461 1999 1614 2030 Venesia
1638 1999 1694 2030 del
1719 1999 1860 2030 servisio
1894 2010 1957 2041 per
1981 1999 2126 2042 Jacomo
2153 2001 2193 2030 30

279 2050 323 2080 da
346 2050 495 2082 Carrara
519 2050 546 2081 51
570 2051 800 2083 liberamente
825 2062 844 2082 3
867 2052 955 2084 11010
982 2053 1069 2084 fatto
1085 2053 1121 2083 in
1139 2062 1303 2084 recovrar
1319 2052 1350 2083 la
1373 2053 1460 2084 ditta
1484 2052 1552 2084 cita
1577 2053 1620 2083 de
1646 2053 1876 2089 Cavodistria,
1895 2051 1922 2083 51
1947 2054 1978 2084 81
2002 2053 2127 2084 recev'e

280 2113 347 2135 con
370 2105 504 2147 grande
528 2105 672 2141 honore,
697 2111 731 2136 et
755 2106 789 2136 in
807 2116 913 2148 segno
939 2105 982 2137 de
1007 2106 1079 2138 cosi
1106 2106 1228 2138 diletto
1252 2112 1285 2137 et
1310 2116 1397 2147 gran
1423 2105 1582 2143 cittadin‚
1607 2106 1639 2137 13
1672 2105 1759 2138 ditta
1784 2107 1937 2148 signoria
1961 2106 2054 2137 dono
2086 2117 2131 2137 un

277 2157 410 2198 palasio
436 2158 479 2189 de
506 2168 593 2199 gran
619 2159 736 2199 presio
754 2158 811 2190 nel
828 2160 942 2191 confin
961 2159 1004 2191 de
1023 2158 1092 2191 San
1118 2159 1203 2191 Polo
1220 2159 1251 2190 al
1268 2160 1504 2200 sovrascripto
1524 2159 1708 2201 magnifico
1739 2159 1886 2201 Jacomo
1903 2158 1947 2190 da
1971 2159 2128 2191 Carrara.

367 2256 442 2287 228.
475 2255 575 2297 [178].
606 2275 649 2280 —
679 2256 812 2289 L'anno
846 2257 903 2288 del
936 2257 1053 2299 signor
1083 2257 1175 2288 mille
1202 2263 1355 2288 tresento
1388 2264 1663 2299 quarantanove‚
1700 2268 1717 2288 3
1750 2258 1782 2288 (11
1813 2267 1903 2289 nove
1936 2258 1972 2289 di
2000 2267 2127 2298 marco,

281 2309 407 2347 Guido‚
432 2315 535 2341 conte
560 2310 602 2341 de
628 2311 784 2353 Bologna
808 2321 908 2342 sovra
933 2311 963 2342 81
989 2321 1091 2348 mare,
1116 2322 1223 2352 preve
1247 2310 1433 2342 cardenale
1463 2310 1519 2342 del
1544 2311 1641 2342 titulo
1659 2311 1702 2342 de
1727 2311 1856 2342 Sancta
1873 2311 1993 2347 Lucia,
2010 2311 2126 2353 legato
2151 2311 2190 2341 35

278 2362 370 2393 della
395 2362 534 2399 Ghiesa,
558 2364 744 2405 andadoge
776 2364 886 2405 prima
910 2364 1072 2396 incontra
1096 2364 1105 2395 i
1131 2364 1307 2407 magnifici
1332 2363 1472 2394 fradelli
1495 2364 1640 2406 Jacomo
1666 2370 1699 2395 et
1723 2363 1896 2405 Jacomin,
1920 2363 2060 2395 fradelli
2085 2363 2128 2394 da

277 2415 433 2453 Carrara,
458 2425 525 2447 con
549 2417 627 2447 tutti
650 2417 661 2447 i
686 2417 792 2448 nobili
818 2417 949 2448 citadin
976 2424 1009 2449 et
1032 2418 1064 2448 13
1089 2417 1232 2448 81818513
1257 2417 1299 2447 (18
1325 2416 1431 2453 Pau-³,
1456 2416 1547 2447 intro
1573 2418 1695 2448 (le-utro
1726 2417 1758 2447 13
1783 2423 1874 2448 terra
1907 2426 1972 2448 con
1999 2417 2123 2448 cavalli

279 2475 430 2500 tresento
455 2470 499 2501 da
521 2480 580 2501 soa
605 2470 733 2501 fameia
758 2476 791 2502 et
817 2471 995 2502 desmonto
1021 2470 1057 2500 in
1082 2481 1159 2501 8351
1186 2471 1219 2501 di
1246 2470 1322 2500 ditti
1339 2470 1467 2512 signori
1487 2480 1553 2500 con
1571 2471 1653 2511 ogni
1671 2480 1729 2501 503
1749 2470 1965 2512 compagnia,
1988 2480 2008 2500 a
2025 2479 2124 2510 spese

277 2521 311 2552 di
336 2522 416 2564 qual
439 2522 572 2565 signori
596 2523 664 2554 ello
695 2523 732 2554 fo
757 2523 974 2555 abondevole
1000 2530 1033 2555 et
1055 2523 1356 2565 magnificamente
1382 2523 1542 2554 trattado.
1590 2523 1721 2554 Partito
1745 2523 1802 2564 poi
1823 2523 1867 2554 da
1890 2523 1984 2554 Pava
2001 2533 2063 2564 per
2090 2523 2124 2553 la

278 2576 332 2606 via
357 2576 400 2608 da
424 2575 576 2614 Vinesia‚
602 2576 692 2608 ando
717 2577 751 2607 in
779 2577 968 2619 Hongaria.
1016 2578 1059 2608 Et
1085 2577 1155 2608 cosi
1180 2577 1292 2608 l'anno
1319 2582 1497 2618 sequente,
1529 2577 1700 2608 tornando
1725 2587 1745 2607 a
1770 2576 1875 2613 Pava,
1903 2576 1940 2607 fo
1966 2576 2022 2607 dai
2047 2576 2124 2607 ditti
2150 2578 2190 2606 40

280 2628 418 2660 fradelli
444 2629 659 2661 simelrnente
684 2630 860 2662 recevudo
886 2636 921 2662 et
945 2641 1011 2662 803
1035 2630 1145 2662 5131118
1171 2636 1205 2662 et
1228 2630 1413 2672 magnifico
1438 2631 1582 2661 honore.

365 2728 441 2759 239.
467 2728 567 2769 [179].
592 2746 635 2749 —
660 2726 751 2764 Quel
776 2739 868 2760 anno
899 2729 1057 2766 instesso‚
1089 2729 1145 2760 del
1178 2739 1270 2759 mese
1303 2728 1346 2759 de
1379 2738 1488 2768 13380,
1520 2729 1643 2760 siando
1675 2729 1705 2759 el
1737 2727 1926 2760 sovraditto
1958 2728 2074 2769 legato
2105 2738 2123 2758 a

278 2779 380 2817 Pava,
406 2780 574 2823 Henrng
602 2787 702 2812 conte
736 2782 779 2812 de
812 2781 962 2818 Goricia‚
995 2782 1079 2813 tolse
1111 2793 1174 2823 per
1204 2781 1330 2813 moiere
1355 2781 1387 2812 la
1418 2782 1602 2822 magnifica
1627 2781 1778 2813 madona
1801 2781 1938 2826 Ciliola,
1963 2781 2042 2811 fiola
2066 2781 2122 2812 del

276 2833 460 2875 magnifico
486 2834 628 2875 jacomo
654 2835 699 2866 da
723 2835 882 2871 Carrara,
905 2834 938 2866 la
962 2835 1041 2876 qual
1066 2835 1134 2876 po’,
1160 2846 1178 2866 a
1203 2834 1239 2865 di
1264 2839 1343 2865 octo
1361 2834 1502 2867 (1811110,
1528 2834 1738 2866 1103018νο18
1763 2842 1795 2866 et
1821 2834 2120 2876 magnificamente

276 2887 539 2928 acompagnada
563 2887 653 2918 ando
685 2888 729 2919 ad
761 2887 922 2930 albergar
945 2899 965 2918 a
996 2887 1180 2923 Citadella,
1214 2894 1246 2918 et
1277 2886 1320 2918 de
1355 2887 1374 2917 li
1406 2888 1577 2927 passando
1608 2898 1671 2928 per
1702 2889 1735 2918 lo
1769 2887 1941 2923 Cadovre,
1969 2896 2072 2927 conse
2101 2896 2121 2916 a
2145 2887 2183 2917 45

277 2938 421 2980 Lion90.
470 2940 513 2972 Et
536 2941 603 2981 po’,
628 2941 706 2972 drio
724 2941 836 2983 pocho
854 2947 981 2982 tempo,
998 2951 1102 2982 senca
1119 2941 1226 2973 135531
1240 2940 1344 2983 algun
1363 2941 1441 2971 tiolo
1459 2941 1549 2983 pago
1567 2942 1598 2971 el
1615 2951 1740 2972 comun
1757 2941 1875 2972 debito
1892 2939 1986 2972 della
2003 2949 2118 2970 carne.
