2290 3449
302 220 373 255 232
655 215 827 250 GESTA
846 212 1159 249 «MAGNIFICA
1189 210 1376 246 DOMUS
1406 208 1800 246 CARRARIENSIS

296 352 405 385 grossis
425 351 554 374 fecerunt
573 350 667 373 datam
686 350 714 372 et
734 347 933 372 vendicionem
955 353 986 370 ac
1006 345 1097 369 eciam
1118 344 1311 368 vendiderunt
1331 345 1359 367 et
1377 343 1561 367 tradiderunt
1581 342 1719 374 predictis
1739 332 1886 367 nobilibus
1911 342 1938 366 d.
1957 341 2098 366 Ubertino
2118 343 2146 366 et

294 396 442 429 Jacobino,
462 394 608 422 fratribus,
628 393 726 417 omnia
745 392 933 422 infrascripta
952 391 1026 423 Jura„
1046 389 1249 421 possessiones,
1269 389 1388 418 terrena,
1411 388 1501 418 prata,
1526 386 1636 415 domos,
1661 387 1810 416 sedimina,
1831 394 1954 417 nemora,
1984 386 2145 413 comitatus,

298 441 447 468 vassallos,
460 439 663 468 vassalliticos‚
679 436 806 465 livellos‚
820 435 972 468 precarios,
994 435 1193 466 marigancias,
1206 434 1305 464 postas
1318 431 1561 461 molendinorum,
1578 432 1670 455 castra
1684 432 1711 455 et
1723 431 1800 455 bona
1815 432 1921 459 omnia,
1935 438 1986 462 que
2000 430 2143 462 quondam

300 486 415 509 suerunt
435 483 563 516 predicte
577 482 602 506 d.
617 481 755 515 Cilborge
775 480 931 507 comitisse,
944 479 1055 509 positas
1076 479 1103 502 et
1122 478 1219 509 posita
1234 477 1264 500 in
1287 475 1368 499 villis
1388 477 1415 499 et
1435 475 1584 499 territorio
1597 475 1735 499 villarum
1748 474 1986 507 Montisgaldelle
1998 476 2026 498 et
2039 473 2146 498 Cerva-

299 530 377 558 resii,
389 529 538 560 proprium
553 534 602 559 per
614 526 769 559 proprium,
791 524 922 548 livellurn
943 530 992 554 per
1011 522 1152 553 livellum,
1175 521 1290 545 feudum
1310 528 1359 552 per
1380 519 1503 548 seudum,
1519 519 1562 543 vel
1576 526 1629 550 que
1649 520 1726 543 dicta
1746 520 1863 544 domina
1878 521 1940 544 visa
1954 521 2014 543 erat
2032 519 2143 546 habere,

301 576 396 597 tenere
410 572 455 596 vel
468 571 615 604 possidere
628 571 658 594 in
673 569 760 593 dictis
776 568 856 592 villis
876 567 922 591 vel
937 567 1086 591 territorio
1106 572 1265 596 earumque.
1291 565 1490 588 Possessiones
1505 565 1598 587 autem
1612 565 1639 587 et
1650 564 1715 595 jura
1728 565 1756 587 et
1770 564 1845 588 bona
1858 564 1955 596 posita
1975 565 2003 588 in
2018 562 2146 587 confinio

299 619 327 641 et
346 616 494 641 territorio
513 613 748 646 Montisgaldelle
768 614 835 637 sunt
854 611 1051 643 infrascripta.
1088 611 1120 634 In
1140 611 1243 643 primis
1268 616 1357 633 unum
1376 608 1502 632 sedimen
1522 608 1686 632 domnicale
1704 608 1823 639 garbum
1849 608 1923 640 apud
1949 607 2100 632 ecclesiam
2119 605 2146 630 S.

302 662 404 687 Crucis
423 661 497 692 apud
518 661 594 684 viam
615 661 642 683 et
662 658 737 690 apud
757 657 858 681 flumen
880 656 1063 680 Bacchionis.
1100 655 1181 685 Item,
1201 662 1287 678 unum
1308 653 1434 677 sedimen
1450 660 1512 676 cum
1528 652 1614 676 domo
1634 652 1816 683 superposita
1830 652 1904 685 apud
1922 653 1985 685 jura
1998 652 2025 676 S.
2045 651 2146 677 Crucis

301 706 374 737 apud
394 706 470 729 viam
490 706 517 728 et
536 704 611 736 apud
631 704 748 732 curiam,
767 701 843 733 quod
858 702 952 725 totum
965 701 1061 733 potest
1080 706 1140 723 esse
1159 700 1234 723 circa
1254 699 1326 722 duos
1341 704 1465 729 campos
1503 697 1584 727 Item,
1598 703 1686 720 unum
1701 695 1827 719 sedimen
1842 704 1904 720 cum
1918 696 2005 720 domo
2019 702 2104 728 supra
2118 696 2146 718 et

300 752 391 782 tegete
405 757 468 773 cum
488 750 564 772 circa
583 748 694 771 duobus
713 747 821 778 campis
840 748 914 770 terre
933 745 1096 768 clausurate
1116 743 1190 775 apud
1205 744 1282 766 viam
1296 744 1325 766 et
1338 741 1414 778 apud
1429 742 1534 764 curiam
1549 748 1564 764 a
1578 740 1687 764 duobus
1701 740 1847 765 lateribus.
1872 740 1950 769 Item,
1964 748 2052 764 unum
2071 739 2144 764 sedi-

300 803 364 819 men
384 801 447 818 cum
467 794 561 823 domo,
581 793 681 824 tegete,
703 793 767 815 orto
787 792 815 815 et
835 797 891 818 ara,
911 789 989 821 quod
1007 790 1105 822 potest
1119 795 1179 812 esse
1193 787 1268 811 circa
1283 789 1339 811 tres
1359 786 1529 818 quarterios,
1543 786 1617 817 apud
1633 786 1709 809 viam
1728 792 1742 808 a
1763 785 1870 809 duabus
1891 785 2030 817 partibus.
2066 784 2146 813 Item,

302 846 388 863 unum
409 838 535 862 sedimen
550 845 613 861 cum
628 836 714 860 domo
727 842 814 867 supra
828 836 858 858 in
872 834 945 858 hora
959 833 1094 861 Caburlo,
1114 835 1142 856 et
1156 833 1251 864 potest
1271 839 1331 855 esse
1344 831 1419 854 clrca
1434 830 1558 854 medium
1573 837 1712 861 campum,
1725 830 1801 861 apud
1815 829 1891 853 viam
1907 830 1934 853 et
1949 828 2024 860 apud
2039 830 2146 853 curIam

301 886 330 909 et
345 883 421 915 apud
437 882 622 906 Benedictum
642 880 802 905 Octonelli.
838 879 919 908 Item,
932 885 1019 901 unum
1034 877 1160 901 sedimen
1175 877 1206 900 in
1226 877 1304 900 dicta
1317 876 1390 899 hora
1404 883 1465 899 cum
1486 874 1573 899 domo
1587 881 1672 906 supra
1686 874 1782 906 posita
1796 873 1872 905 apud
1887 874 1995 898 curiam
2008 880 2024 896 a
2037 873 2146 897 duabus

301 928 432 961 partibus
451 928 479 951 et
498 927 573 959 apud
594 927 680 950 viam.
718 925 797 953 Item,
818 931 906 947 unum
926 923 1052 947 sedimen
1074 929 1136 945 cum
1157 921 1243 945 domo
1265 920 1449 952 supraposita
1468 921 1498 943 in
1519 919 1598 943 dicta
1611 919 1683 943 hora
1696 918 1772 950 apud
1793 919 1878 947 viam,
1897 918 1972 950 apud
1992 918 2100 941 curiam
2119 918 2148 941 et

304 974 378 1006 apud
396 973 540 997 Andream
563 970 738 995 Guillielmi.
775 969 855 998 Item,
876 975 962 992 unum
981 967 1107 990 sedimen
1128 973 1189 990 cum
1211 966 1297 989 domo
1318 965 1501 998 supraposita
1520 965 1550 988 in
1578 964 1654 988 dicta
1673 964 1755 993 hora,
1780 963 1857 994 quod
1877 963 1972 995 potest
1991 952 2050 986 esse
2072 962 2148 986 circa

303 1019 426 1051 quatuor
438 1024 562 1049 campos,
574 1015 649 1048 apud
670 1016 755 1043 viam,
777 1013 849 1045 apud
868 1012 1014 1035 Andream
1035 1010 1197 1036 Guillielmi
1212 1012 1239 1034 et
1252 1010 1326 1043 apud
1346 1011 1410 1043 jura
1422 1009 1449 1034 S.
1464 1008 1574 1033 Crucis.
1608 1008 1688 1037 Item,
1701 1014 1787 1032 unam
1804 1008 1913 1040 peciam
1928 1009 2001 1031 terre
2014 1006 2149 1036 aratorie,

302 1071 355 1095 que
380 1062 542 1094 appellatur
561 1059 777 1091 CampomarQO,
797 1065 850 1090 que
869 1058 966 1088 potest
986 1062 1046 1079 esse
1065 1055 1142 1079 circa
1162 1055 1257 1078 decem
1275 1056 1303 1078 et
1324 1056 1389 1078 octo
1408 1061 1533 1085 campos,
1555 1054 1628 1085 apud
1649 1053 1786 1077 fossatum
1807 1052 1947 1082 comuniS‚
1966 1051 2042 1085 apud
2063 1051 2150 1080 viam,

304 1108 378 1139 apud
394 1107 496 1131 flumen
516 1104 695 1129 Bacchionis.
732 1103 811 1132 Item,
830 1108 915 1125 unam
934 1100 1045 1132 peciam
1065 1101 1139 1123 terre
1159 1099 1283 1123 aratorie
1305 1099 1335 1122 in
1355 1099 1431 1122 dicta
1451 1100 1592 1128 contrata,
1610 1105 1663 1129 que
1683 1097 1844 1129 appellatur
1863 1096 2056 1130 Pecadonega,
2076 1096 2150 1128 apud

304 1152 382 1176 viam
396 1159 411 1175 a
425 1150 532 1174 duabus
551 1148 680 1180 partibus
700 1148 727 1171 et
747 1147 814 1170 aliis
828 1145 938 1169 duabus
952 1144 1084 1176 partibus
1101 1144 1165 1176 jura
1184 1143 1301 1167 ecclesie
1321 1142 1348 1167 S.
1369 1141 1471 1166 Crucis
1491 1142 1524 1166 de
1539 1141 1718 1166 Cervaresio.
1755 1142 1836 1172 Item,
1855 1148 1941 1165 unam
1955 1140 2066 1173 peciam
2079 1141 2152 1164 terre

303 1196 428 1221 aratorie
447 1196 476 1219 in
497 1193 693 1227 Vancoflorio,
711 1199 763 1223 que
782 1192 877 1223 potest
903 1196 964 1213 esse
989 1190 1065 1212 circa
1091 1190 1147 1212 tres
1168 1187 1330 1219 quarterios
1350 1188 1455 1219 campi,
1474 1187 1550 1220 apud
1574 1188 1637 1220 jura
1663 1187 1781 1211 ecclesie
1800 1186 1827 1210 S.
1847 1184 1957 1214 Crucis,
1977 1185 2051 1217 apud
2071 1185 2148 1208 viam

303 1242 330 1265 et
349 1239 424 1272 apud
444 1239 520 1262 filios
540 1237 679 1262 Federici.
716 1236 799 1265 Item,
817 1242 903 1258 unam
923 1233 1034 1266 peciam
1053 1234 1127 1257 terre
1146 1233 1280 1262 aratorie,
1300 1239 1353 1263 que
1373 1233 1468 1264 potest
1488 1239 1547 1255 esse
1567 1232 1642 1255 circa
1668 1224 1740 1255 duos·
1758 1238 1884 1262 campos,
1904 1230 1978 1263 apud
2004 1229 2082 1253 filios
2100 1229 2149 1253 Fe-

304 1285 391 1310 derici
410 1292 426 1309 a
446 1284 554 1308 duobus
572 1282 710 1306 lateribus
735 1282 762 1304 et
782 1280 856 1312 apud
877 1279 905 1303 d.
926 1278 1106 1303 Salvaticum
1127 1277 1160 1301 de
1180 1276 1342 1301 Gaudiana.
1379 1276 1459 1305 Item,
1480 1283 1565 1300 unam
1585 1276 1692 1308 peciam
1712 1277 1785 1300 terre
1801 1276 1832 1299 in
1847 1276 1923 1299 dicta
1938 1275 2079 1304 contrata,
2098 1280 2151 1305 que

304 1331 400 1362 potest
425 1335 484 1352 esse
510 1328 586 1351 circa
610 1327 734 1358 quatuor
754 1331 881 1357 campOS,
900 1323 974 1355 apud
997 1323 1071 1346 viani
1091 1328 1107 1345 a
1128 1323 1222 1353 capite
1242 1322 1269 1345 et
1290 1329 1304 1345 a
1325 1321 1419 1352 latere,
1442 1321 1516 1352 apud
1538 1320 1565 1346 d.
1589 1321 1715 1345 Marcum
1743 1321 1840 1344 Bicum
1861 1321 1888 1344 et
1914 1319 1989 1343 fllios
2014 1318 2152 1343 Federici.

302 1376 382 1403 Item,
401 1380 487 1397 unam
507 1372 617 1405 peclam
636 1372 710 1395 terre
731 1371 760 1394 in
782 1369 861 1393 dicta
880 1369 1022 1396 contrata,
1042 1366 1117 1399 apud
1138 1367 1215 1390 viam
1236 1373 1252 1390 a
1272 1365 1380 1389 duabus
1401 1365 1529 1397 partibus
1548 1366 1576 1389 et
1595 1365 1669 1397 apud
1696 1365 1797 1389 fiumen
1817 1364 1989 1389 Bacehionis
2008 1371 2024 1387 a
2044 1363 2152 1388 duabus

303 1420 370 1445 ali1s
389 1417 527 1450 partibus.
562 1416 643 1447 Item,
662 1422 747 1439 unam
766 1415 877 1446 peciam
897 1414 979 1441 terre,
998 1419 1051 1442 que
1071 1411 1233 1444 appellatur
1253 1409 1498 1441 Castellaro‚'que
1517 1410 1614 1441 potest
1634 1417 1692 1433 esse
1711 1410 1786 1434 circa
1806 1417 1893 1434 unum
1914 1416 2050 1441 campum,
2072 1407 2148 1440 apud

303 1465 405 1489 flumen
424 1462 597 1486 Bacchionis
616 1461 749 1492 undique.
785 1459 865 1487 Item,
885 1465 970 1482 unam
990 1456 1101 1489 peciam
1121 1458 1195 1480 terre
1215 1457 1245 1480 In
1268 1455 1346 1479 dicta
1367 1456 1506 1485 contrata,
1528 1461 1580 1485 que
1599 1456 1694 1486 potest
1707 1462 1766 1478 esse
1781 1454 1856 1478 circa
1869 1454 1994 1478 medium
2009 1460 2151 1486 campum,

305 1508 380 1541 apud
400 1508 477 1532 viam
496 1508 524 1530 et
544 1506 618 1538 apud
639 1505 741 1528 flumen
761 1503 942 1528 Bacchionis.
979 1502 1059 1532 Item,
1079 1509 1135 1526 una
1155 1502 1265 1533 peciam
1285 1502 1357 1524 terre
1377 1500 1512 1528 aratorie,
1534 1507 1587 1531 que
1606 1500 1704 1531 potest
1721 1506 1782 1523 esse
1795 1499 1871 1523 circa
1885 1500 2007 1530 quatuor
2026 1505 2152 1530 campos,

305 1554 379 1586 apud
399 1553 476 1576 vlam
496 1552 524 1575 et
542 1551 617 1582 apud
638 1550 664 1574 d.
684 1549 835 1573 Albertum
854 1547 919 1572 Bibi
939 1548 967 1571 et
987 1546 1062 1578 apud
1082 1546 1184 1570 flumen
1198 1545 1381 1569 Bacchionis.
1418 1544 1497 1574 Item,
1516 1551 1603 1568 unam
1622 1545 1731 1576 peciam
1752 1545 1824 1568 terre
1843 1544 2044 1574 aratorie,que
2059 1544 2154 1575 potest

306 1606 365 1623 esse
385 1598 459 1621 circa
480 1603 566 1620 unum
586 1595 764 1626 quarterium
783 1594 886 1624 campi,
899 1593 930 1616 in
945 1593 1077 1616 contrata
1096 1590 1253 1621 Ponteseli,
1272 1589 1348 1621 apud
1363 1589 1439 1613 viam
1458 1597 1474 1613 a
1488 1589 1583 1622 capite
1602 1590 1630 1613 et
1643 1596 1659 1612 a
1672 1589 1762 1612 latere
1775 1587 1850 1620 apud
1864 1588 2050 1612 Thomasium
2064 1587 2155 1610 Fran-

308 1645 410 1668 torem.
446 1641 526 1669 Item,
546 1647 632 1664 unam
652 1639 759 1671 peciam
780 1640 854 1661 terre
878 1638 909 1661 in
935 1637 1040 1666 Ferise,
1066 1643 1118 1667 que
1141 1636 1234 1667 potest
1253 1642 1313 1658 esse
1333 1635 1408 1658 circa
1428 1635 1500 1658 duos
1519 1640 1643 1666 campos,
1663 1633 1739 1665 apud
1760 1633 1837 1657 viam
1857 1640 1873 1657 a
1893 1632 2002 1657 duabus
2022 1632 2153 1664 partibus

310 1689 339 1712 et
357 1686 432 1719 apud
452 1686 478 1710 d.
496 1685 669 1709 Dimitrium
688 1683 723 1708 de
742 1682 918 1706 Comitibus.
955 1681 1038 1712 Item,
1057 1687 1143 1704 unam
1162 1681 1270 1712 peciam
1292 1681 1366 1703 terre
1385 1679 1417 1703 in
1444 1680 1576 1702 contrata
1597 1677 1818 1706 Karlimartelll,
1837 1678 1913 1710 apud
1934 1684 2032 1701 nemus
2057 1676 2153 1700 Karll·

310 1730 446 1760 martelli,
460 1730 534 1762 apud
555 1730 644 1762 rojam
665 1736 691 1760 q.
710 1726 851 1752 Coradini
872 1728 900 1750 et
919 1726 994 1758 apud
1014 1726 1040 1749 d.
1060 1726 1186 1750 Marcum
1207 1725 1315 1749 Bicum.
1352 1723 1432 1754 Item,
1453 1730 1538 1747 unam
1557 1724 1667 1754 peciam
1687 1724 1762 1746 terre
1779 1723 1900 1754 prative,
1921 1729 1974 1753 que
1987 1722 2156 1754 potestesse

311 1777 387 1800 circa
405 1775 476 1799 duos
489 1781 614 1806 campos,
631 1773 708 1805 apud
722 1773 784 1796 iura
797 1772 825 1797 S.
847 1771 956 1799 Crucis,
971 1770 1046 1802 apud
1066 1769 1181 1794 heredes
1200 1769 1355 1793 PertImasi
1369 1770 1397 1792 et
1417 1768 1492 1800 apud
1505 1767 1593 1792 viam.
1617 1767 1696 1795 Item,
1710 1774 1797 1790 unam
1810 1767 1919 1799 peciam
1934 1768 2007 1790 terre
2021 1766 2156 1795 aratorie,

313 1823 342 1845 in
356 1821 490 1845 contrata
509 1820 656 1852 portarum
676 1817 710 1841 de
730 1817 834 1847 medio,
854 1823 907 1848 que
926 1816 1023 1847 potest
1041 1822 1099 1838 esse
1120 1815 1195 1838 circa
1214 1815 1336 1846 quatuor
1355 1821 1480 1845 campos,
1500 1812 1575 1845 apud
1594 1813 1657 1846 jura
1671 1811 1697 1836 S.
1718 1810 1827 1842 Crucis,
1841 1811 1916 1843 apud
1935 1811 2068 1835 Visinum
2083 1810 2155 1844 Cua-

312 1865 397 1898 gnini
416 1866 443 1889 et
463 1864 537 1896 apud
557 1863 672 1887 heredes
691 1861 858 1893 Marquardi
877 1860 997 1884 notarii.
1035 1859 1115 1889 Item,
1136 1867 1220 1883 unam
1241 1860 1350 1892 peciam
1366 1860 1439 1882 terre
1458 1857 1596 1890 pratalee,
1611 1864 1664 1889 que
1678 1858 1774 1888 potest
1792 1863 1852 1880 esse
1867 1856 1942 1880 circa
1961 1858 2018 1880 tres
2031 1863 2155 1888 campos,

312 1912 341 1934 in
360 1910 493 1934 contrata
511 1906 730 1935 Kaerarteffl,
744 1906 819 1939 apud
840 1906 988 1929 dominum
1007 1904 1189 1936 Paganinum
1209 1904 1243 1927 de
1262 1903 1418 1937 Silvacano
1438 1904 1465 1926 et
1485 1902 1560 1934 apud
1579 1903 1643 1935 jura
1662 1900 1688 1925 S.
1709 1900 1820 1925 Crucis.
1852 1901 1931 1931 Item,
1945 1908 2029 1924 unam
2044 1900 2154 1933 peciam

312 1957 387 1979 terre
404 1955 493 1986 vigre,
512 1960 566 1984 que
585 1953 681 1984 potest
699 1958 758 1975 esse
778 1952 853 1974 circa
874 1957 961 1974 unum
981 1956 1111 1981 campum
1131 1950 1159 1972 et
1178 1947 1343 1976 dimidium,
1365 1947 1440 1980 apud
1455 1947 1593 1979 Jacobum
1613 1946 1639 1970 d.
1665 1945 1759 1969 Ferici
1779 1945 1904 1969 Brexani
1923 1946 1951 1968 et
1971 1945 2045 1977 apud
2071 1946 2157 1968 viam.

311 2000 390 2028 Item,
410 2005 494 2022 unam
514 1998 624 2029 peciam
643 1998 716 2020 terre
735 1996 856 2027 prative,
871 2001 924 2026 que
942 1994 1037 2026 potest
1057 2000 1116 2017 esse
1136 1993 1210 2017 circa
1229 2000 1316 2016 unum
1335 1999 1465 2024 campum
1485 1993 1513 2015 et
1532 1990 1694 2019 dimidium,
1715 1991 1744 2013 in
1759 1990 1891 2014 contrata
1905 1989 1940 2013 de
1958 1989 2157 2017 Sabloncellis,

313 2043 387 2077 apud
406 2044 469 2076 jura
488 2042 514 2066 S.
535 2040 636 2065 Crucis
654 2042 682 2065 et
703 2040 776 2072 apud
797 2040 912 2064 fratrem
932 2038 1110 2062 Almericum
1129 2037 1242 2061 Alberti
1264 2037 1381 2061 notarii.
1419 2036 1498 2067 Item,
1520 2043 1605 2059 unam
1619 2035 1728 2067 peciam
1743 2036 1816 2058 terre
1837 2035 1964 2058 aratorie
1982 2035 2010 2058 et
2023 2033 2158 2066 pratalee,

311 2096 364 2120 que
383 2088 478 2120 potest
496 2094 555 2111 esse
574 2087 651 2110 circa
670 2085 742 2109 duos
762 2091 888 2116 campos,
908 2085 938 2108 in
959 2084 1091 2107 contrata
1105 2082 1248 2113 Frascata,
1261 2082 1336 2114 apud
1352 2082 1427 2105 viam
1444 2082 1471 2104 et
1485 2079 1559 2113 apud
1579 2079 1606 2104 d.
1626 2080 1753 2104 Marcum
1766 2078 1886 2103 Bichum
1901 2080 1929 2103 et
1948 2079 2024 2110 apud
2038 2078 2155 2102 fratrem

314 2133 490 2157 Almericum
509 2131 677 2164 predictum.
714 2130 793 2159 Item,
813 2137 899 2153 unam
912 2129 1023 2160 peciam
1036 2129 1111 2152 terre
1124 2127 1257 2155 aratorie,
1278 2127 1307 2150 in
1323 2127 1455 2150 contrata
1469 2125 1612 2154 Rainarii,
1626 2131 1680 2155 que
1693 2125 1788 2157 potest
1801 2131 1861 2147 esse
1881 2124 1956 2148 circa
1971 2131 2019 2147 sex
2033 2130 2158 2156 campos,

314 2178 388 2211 apud
408 2177 539 2209 Ayllcem
559 2176 753 2207 Frehenconis
772 2176 800 2198 et
819 2173 893 2206 apud
914 2172 1100 2197 Vincentium
1119 2171 1250 2196 Roelam.
1287 2170 1368 2199 Item,
1387 2177 1475 2194 unam
1494 2170 1603 2201 peciam
1624 2171 1698 2193 terre
1718 2168 1808 2200 vigre,
1828 2175 1882 2200 que
1895 2169 1990 2200 potest
2003 2175 2063 2192 esse
2083 2168 2159 2192 circa

314 2223 409 2246 decem
428 2228 553 2254 camPOS,
572 2221 603 2244 in
618 2221 749 2244 contrata
762 2218 882 2250 Pucolo,
903 2217 978 2250 apud
997 2218 1023 2241 d.
1038 2217 1165 2241 Marcum
1185 2216 1282 2240 Bicum
1297 2217 1324 2239 et
1339 2215 1414 2247 apud
1434 2214 1572 2247 Pucolum
1587 2215 1613 2237 et
1627 2221 1729 2245 aquam
1743 2214 1828 2237 Nine.
1858 2212 1938 2244 Item,
1950 2220 2036 2236 unam
2049 2213 2158 2245 peciam

313 2269 387 2291 terre
406 2266 539 2295 aratorie,
557 2273 610 2297 que
627 2266 722 2298 potest
741 2271 800 2288 esse
819 2265 894 2288 circa
912 2265 969 2287 tres
988 2269 1110 2294 campos,
1131 2262 1161 2285 in
1181 2262 1315 2285 contrata
1334 2260 1368 2284 de
1381 2259 1558 2291 Saeagnelis,
1579 2258 1653 2290 apud
1674 2259 1791 2287 curiam,
1811 2258 1885 2289 apud
1905 2257 2017 2281 Alicem
2036 2257 2160 2282 Frehen·

315 2312 397 2344 conis
415 2312 443 2335 et
462 2310 537 2342 apud
557 2311 644 2334 viam.
679 2309 761 2339 Item,
774 2316 859 2332 unam
873 2309 982 2340 peciam
1003 2311 1083 2336 terre,
1104 2314 1156 2338 que
1173 2306 1228 2330 fuit
1241 2305 1389 2334 buschiva,
1403 2312 1455 2335 que
1469 2303 1632 2337 appellatur
1644 2302 1763 2334 Pucolo,
1777 2302 1851 2334 apud
1864 2309 1965 2333 aquam
1985 2302 2070 2332 Nine,
2083 2301 2159 2333 apud

316 2357 341 2381 d.
366 2356 493 2380 Marcum
518 2355 617 2378 Bicum
637 2355 665 2378 et
683 2354 757 2385 apud
778 2353 824 2378 ubi
847 2353 1036 2377 consueverat
1055 2352 1156 2375 habere
1176 2349 1348 2374 Vincentius
1368 2347 1501 2373 Clarelli.
1538 2348 1616 2378 Item,
1638 2355 1723 2372 unam
1743 2348 1854 2379 peciam
1874 2349 1956 2377 terre,
1975 2353 2028 2378 que
2048 2346 2159 2370 solebat

315 2408 374 2425 esse
387 2400 534 2427 buschiva,
554 2401 629 2424 eirca
649 2399 719 2423 duos
739 2405 865 2430 campos,
885 2404 938 2429 que
957 2398 1079 2423 vocatur
1099 2403 1196 2420 nemus
1215 2394 1387 2423 Albertacii,
1400 2394 1430 2417 in
1445 2395 1578 2417 contrata
1597 2391 1713 2420 Poxoli,
1727 2392 1802 2422 apud
1822 2392 2009 2416 Thomasium
2024 2391 2157 2423 Jacobini

317 2445 412 2469 clerici
434 2446 461 2468 et
480 2443 555 2476 apud
580 2443 696 2467 heredes
715 2442 840 2466 Bai-deli.
877 2441 957 2471 item,
982 2448 1068 2465 unam
1094 2441 1204 2472 peciam
1224 2441 1298 2463 terre
1317 2437 1466 2462 buschalee
1487 2440 1513 2461 et
1535 2438 1623 2469 vigre,
1643 2444 1696 2468 que
1716 2437 1812 2469 potest
1837 2443 1897 2460 esse
1922 2436 1997 2460 circa
2023 2436 2162 2460 ducentos

317 2496 442 2522 campos,
455 2490 483 2512 in
504 2487 698 2519 Pecadonega,
717 2486 792 2518 apud
813 2486 961 2510 dominum
981 2485 1161 2516 Paganinum
1181 2484 1215 2508 de
1235 2483 1397 2514 Silvacano,
1419 2482 1493 2515 apud
1508 2481 1534 2505 d.
1548 2482 1674 2506 Marcum
1694 2481 1793 2504 Bicum
1814 2482 1841 2505 et
1860 2480 1935 2512 apud
1957 2487 2056 2511 aquam
2076 2480 2161 2504 Nine.

318 2534 398 2564 Item,
425 2540 510 2557 unam
536 2532 645 2564 peciam
671 2533 745 2556 terre
770 2531 929 2561 buschalee,
957 2530 988 2554 in
1012 2529 1202 2560 Prespinello,
1223 2535 1275 2559 que
1294 2528 1389 2559 potest
1409 2534 1468 2550 esse
1488 2527 1562 2549 circa
1589 2526 1728 2550 ducentos
1749 2532 1876 2558 campos,
1901 2524 1975 2556 apud
2001 2524 2160 2556 predictum

315 2578 494 2610 Paganinum
517 2577 551 2600 de
569 2576 726 2607 Silvacano
746 2576 889 2599 mediante
909 2575 957 2598 via
978 2575 1004 2598 et
1032 2574 1108 2606 apud
1134 2573 1241 2597 Ninam
1261 2573 1288 2596 et
1308 2572 1381 2604 apud
1403 2570 1582 2603 Rubiganam
1609 2572 1636 2594 et
1656 2570 1730 2602 apud
1754 2570 1862 2594 curiam
1887 2572 1915 2593 et
1934 2569 2008 2601 apud
2028 2568 2163 2593 dominos

314 2623 348 2647 de
374 2622 498 2646 Arcella.
536 2621 614 2650 Item,
635 2628 721 2644 unam
747 2621 855 2653 peciam
875 2621 957 2648 terre,
978 2626 1030 2650 que
1050 2619 1146 2652 potest
1166 2625 1224 2641 csse
1245 2617 1321 2641 circa
1340 2616 1553 2647 quinquaginta
1575 2622 1699 2648 campos.
1721 2616 1751 2638 in
1775 2615 1908 2639 contrata
1933 2613 2063 2645 Guiqole,
2090 2613 2163 2646 apud

318 2669 394 2692 viam
414 2666 564 2698 Aguicole,
584 2665 618 2690 ab
638 2673 695 2689 uno
716 2665 804 2689 latere
827 2665 901 2696 apud
922 2664 1038 2692 curiam,
1061 2663 1094 2687 ab
1115 2663 1174 2686 alio
1201 2662 1273 2695 apud
1301 2668 1400 2692 aquam
1427 2660 1510 2684 Nine.
1546 2660 1624 2690 Item,
1651 2667 1736 2683 uuam
1763 2660 1871 2691 peciam
1892 2660 1973 2687 terre,
1998 2665 2051 2689 que
2070 2659 2163 2689 potest

317 2719 375 2736 esse
395 2711 471 2735 circa
489 2711 641 2741 sexaginta
660 2716 784 2741 campos,
806 2711 835 2732 in
856 2709 934 2733 dicta
954 2709 1096 2737 contrata,
1116 2707 1189 2739 apud
1210 2706 1295 2736 viam,
1314 2705 1389 2736 apud
1410 2704 1516 2728 Ninam
1536 2706 1563 2728 ct
1584 2705 1656 2735 apud
1672 2706 1822 2732 terrenum,
1841 2703 1916 2734 quod
1938 2703 1993 2726 suit
2012 2700 2162 2726 Guilielmi

318 2756 351 2780 de
370 2755 534 2786 SilvacanO.
570 2754 649 2785 Item,
671 2761 756 2778 unam
778 2754 886 2786 peciam
907 2754 979 2776 terre
999 2752 1089 2784 vigre,
1111 2758 1163 2782 que
1183 2751 1277 2782 potest
1296 2756 1355 2773 csse
1380 2749 1456 2773 circa
1476 2756 1562 2772 unum
1583 2755 1722 2780 campum,
1749 2749 1779 2772 ln
1800 2748 1931 2771 contrata
1950 2746 2068 2777 Poxoss,
2087 2747 2161 2778 apud

320 2799 506 2824 Thomasium
533 2799 702 2823 Franturam
728 2800 755 2822 et
780 2798 854 2829 apud
881 2797 999 2826 curiam,
1025 2798 1051 2820 et
1072 2796 1184 2820 solebat
1208 2801 1268 2819 esse
1294 2794 1441 2818 vincentii
1463 2793 1495 2817 dc
1516 2793 1653 2818 Clarcllo.
1690 2793 1771 2821 Item,
1797 2791 1870 2816 circa
1890 2790 2013 2814 medium
2032 2797 2164 2822 campum

319 2846 391 2868 terre
406 2844 540 2874 aratorie,
554 2844 585 2868 in
601 2844 734 2867 contrata
747 2842 904 2870 Fratarum,
919 2843 947 2866 et
962 2842 1071 2865 solebat
1085 2848 1144 2865 esse
1157 2840 1232 2872 apud
1247 2839 1379 2863 Betinum
1393 2838 1555 2862 becharium
1570 2838 1604 2861 de
1618 2837 1724 2862 Padua.
1750 2836 1828 2864 Item.
1843 2836 1919 2860 circa
1933 2842 2018 2859 unum
2034 2842 2164 2867 campum

320 2892 392 2913 terre
411 2889 545 2918 aratorie,
566 2889 595 2912 in
617 2888 693 2912 dicta
713 2888 855 2918 contrata,
875 2887 950 2918 apud
969 2887 1077 2910 curiam
1097 2887 1124 2909 et
1143 2884 1219 2916 apud
1245 2886 1325 2915 prata
1345 2883 1378 2907 de
1397 2882 1493 2913 Reale,
1513 2885 1540 2906 ct
1561 2883 1672 2906 solebat
1691 2889 1750 2905 esse
1769 2881 1845 2912 apud
1866 2880 1974 2904 dictum
2000 2879 2163 2903 Bethinum.

314 2934 393 2963 Item,
413 2935 488 2957 circa
509 2939 596 2956 unum
617 2940 745 2965 campum
767 2935 839 2955 terre
858 2932 992 2960 aratorie,
1013 2932 1042 2954 ln
1063 2931 1196 2954 contrata
1217 2929 1249 2952 de
1267 2927 1473 2956 Sablonccllis,
1495 2927 1569 2959 apud
1590 2927 1653 2951 iura
1666 2927 1692 2950 S.
1714 2926 1815 2950 Crucis
1829 2927 1856 2949 ct
1871 2925 1946 2957 apud
1962 2925 2047 2948 vlam.
2083 2924 2163 2953 Item,

319 2985 405 3002 unam
431 2979 539 3009 peciam
567 2978 639 3001 terre
665 2977 825 3005 busclialec,
851 2983 904 3007 que
930 2976 1092 3007 appellatur
1119 2973 1353 3002 Karlomartello,
1378 2980 1428 3004 que
1457 2973 1549 3003 potest
1574 2979 1633 2995 esse
1658 2972 1733 2995 circa
1761 2970 1912 2995 duodecim
1940 2975 2064 3002 campos,
2085 2968 2158 3000 apud

2178 735 2210 763 10

2182 958 2212 985 15

2178 1181 2214 1208 20

2178 1404 2212 1431 25

2183 1628 2267 1655 30·

2186 1853 2220 1880 35

2188 2075 2222 2102 40

2190 2299 2223 2325 45

2192 2521 2227 2548 50

2193 2744 2226 2770 55

2193 2965 2228 2992 60
