2290 3449
343 220 418 254 240
697 217 872 254 GESTA
899 218 1208 254 MAGNIFICA
1237 217 1423 254 DOMUS
1451 219 1841 257 CARRARIENSIS

339 353 457 382 Albaro,
478 352 594 376 Andrea
614 351 641 375 d.
661 351 865 384 Bellengherii‚
880 351 1010 383 johanne
1031 352 1056 375 d.
1077 351 1242 383 Aldigherii
1260 351 1375 383 judici&
1395 350 1513 383 Cenone
1532 352 1657 383 notario,
1680 354 1800 378 testibus
1814 356 2026 387 suprascriptis,
2039 355 2180 382 Ubertino

337 404 353 421 a
373 397 472 425 Puteo,
492 396 574 420 Nassi
594 403 620 427 q.
640 396 723 420 Melii
742 396 776 419 de
796 395 975 426 Cervaresio,
994 396 1144 428 Paganino
1163 396 1190 420 (1.
1210 394 1362 419 Guilielmi
1383 395 1416 419 de
1435 395 1600 430 SelvacanQ
1620 398 1752 422 omnibus
1766 401 1875 432 rogatis
1889 401 1918 424 et
1931 399 2096 431 specialiter
2115 409 2181 425 con-

336 443 450 465 vocatis
470 443 497 465 et
517 441 592 465 aliis.
629 440 822 472 Suprascripti
843 441 954 464 nobiles
973 443 1117 473 emptores
1137 439 1386 472 apprehenderunt
1404 441 1535 464 tenutam
1549 440 1582 464 de
1595 441 1728 466 omnibus
1747 444 1952 476 suprascriptis
1964 444 2059 473 bonis,
2071 445 2182 477 juribus

336 488 364 510 et
385 485 622 518 possessionibus,
642 485 736 516 postis
756 485 998 513 molendinorum,
1009 485 1114 517 positis
1136 486 1164 509 in
1186 484 1310 508 confinio
1330 485 1358 507 et
1377 485 1528 508 territorio
1548 485 1618 508 ville
1639 484 1795 511 Cervaresii
1817 495 1833 511 a
1852 487 1940 513 latere
1959 488 1986 512 S.
2007 488 2116 517 Crucis,
2131 496 2180 513 sua

339 531 456 562 propria
476 530 659 559 auctoritate,
679 529 819 554 dicentes:
842 530 1115 561 “Apprehendimus
1141 531 1268 553 tenutam
1295 531 1322 552 et
1347 529 1555 560 possessionem
1582 529 1724 554 dictorum
1749 531 1888 556 bonorum
1913 535 1941 557 et
1967 534 2180 565 possessionum

340 576 351 587 ‘⁴
364 576 522 606 positarum
535 575 564 597 in
579 574 656 598 dicta
670 575 743 598 villa
758 574 928 603 Cervaresii,
948 576 1056 603 euntes,
1071 575 1226 605 redeuntes,
1238 574 1380 597 intrantes
1394 575 1421 596 et
1433 575 1576 604 exeuntes,
1590 575 1740 606 tangentes
1752 575 1854 599 terram
1868 579 1895 600 et
1910 577 2024 602 frondes
2039 578 2181 608 arborum,

337 620 349 632 ¹¹
363 619 460 642 animo
478 619 594 643 tenendi
617 620 645 642 et
664 618 832 650 possidendi
856 620 887 642 ut
907 626 964 642 rem
985 620 1112 642 nostram
1125 637 1149 650 η.

426 663 453 687 S.
473 664 510 687 JV.
527 662 588 695 Ego
602 663 758 695 Jacobinus
781 663 923 695 quondam
943 662 1019 687 Petri
1040 662 1155 693 Gotule,
1175 663 1247 687 sacri
1268 662 1378 694 palacii⁴
1396 663 1535 692 notarius,
1555 663 1676 687 interfui
1697 664 1725 687 et
1744 663 1872 695 predicta
1892 672 2008 698 rogatus
2035 667 2145 698 scripsi.

421 761 482 793 Ego
502 761 730 791 Bai-tholomeus,
749 761 836 785 iudex
857 761 1071 793 infrascriptus‚
1091 761 1254 792 subscripsi.

423 805 483 837 Ego
503 805 719 830 Bai-tholomeus
739 805 773 829 de
792 805 978 837 Trambaque,
1000 806 1139 835 notarius,
1158 806 1242 829 testis
1262 807 1289 829 et
1305 805 1398 829 socius
1419 805 1632 837 infrascriptus‚
1652 813 1677 837 q.
1694 806 1719 830 d.
1740 805 1895 836 Anthonii,
1914 813 1957 830 me
1976 807 2130 840 subscripsi
2151 811 2179 833 et

334 850 502 875 auscultavi.

421 895 481 927 Ego
501 895 728 923 Bartholomeus,
747 895 823 919 filius
842 895 924 918 Pacis
943 894 1076 926 hospitis,
1094 895 1241 919 habitator
1257 894 1352 919 Padue
1371 896 1402 918 in
1429 896 1574 926 quarterio
1594 894 1691 923 Domi,
1711 897 1878 920 centenario
1904 896 1996 920 sancti
2022 895 2181 928 Thomasii,

334 941 465 964 contrata
486 941 578 964 sancti
595 940 737 971 Johannis
766 947 780 963 a
802 939 932 967 navibus,
960 939 1035 962 sacri
1060 939 1165 970 palacii
1192 939 1392 971 imperialique
1418 941 1591 963 auctoritate
1617 941 1748 963 notarius
1776 942 1804 963 et
1830 940 1962 964 officialis
1991 941 2119 967 existens
2148 941 2181 964 ad

336 984 445 1008 discum
467 983 615 1014 Griffonis,
639 990 732 1008 coram
760 984 878 1007 domino
904 983 1102 1007 Bartholamio
1127 983 1274 1013 Paradiso,
1299 984 1394 1016 judice
1414 986 1441 1008 et
1468 984 1588 1009 officiale
1608 985 1737 1008 comunis
1758 984 1852 1008 Padue
1877 985 1912 1008 ad
1937 985 2043 1009 dictum
2065 984 2182 1013 discum,

334 1028 551 1060 ultrascripturn
570 1029 729 1060 exemplum
750 1028 936 1052 instrumenti
955 1027 1138 1051 vendicionis
1157 1035 1190 1051 ex
1212 1028 1328 1059 publico
1348 1029 1515 1052 authentico
1536 1029 1715 1060 ultrascripti
1739 1028 1871 1060 Jacobini
1895 1029 2005 1052 notarii
2029 1030 2182 1060 sumptum,

332 1074 404 1105 J'uris
417 1075 445 1096 et
456 1073 558 1096 statuti
572 1072 755 1096 solemnitate
769 1074 890 1100 servata,
904 1071 1027 1104 predicti
1039 1071 1146 1104 judicis
1159 1072 1238 1104 jussu
1252 1074 1279 1096 et
1291 1072 1472 1101 auctoritate,
1488 1073 1660 1105 transcripsi
1674 1074 1700 1097 et
1717 1073 1887 1105 exemplavi,
1904 1073 2009 1102 Padue,
2025 1074 2052 1096 in
2065 1075 2181 1097 comuni

333 1118 445 1149 palacio
466 1117 500 1141 ad
520 1117 626 1141 dictum
648 1117 766 1145 discum,
785 1124 863 1140 anno
884 1124 898 1140 a
919 1116 1073 1140 nativitate
1092 1116 1212 1139 Domini
1232 1116 1388 1140 millesimo
1414 1117 1616 1141 trecentesimo
1637 1118 1874 1148 quinquagesimo
1894 1117 1997 1149 primo,
2020 1118 2183 1141 indictione

334 1164 444 1193 quarta,
464 1163 510 1186 die
530 1162 639 1186 sabbati
667 1162 777 1185 decimo
803 1162 925 1193 septimo
952 1162 1058 1184 mensis
1084 1160 1262 1192 septembris,
1288 1161 1402 1192 partim,
1422 1163 1450 1186 et
1470 1161 1515 1185 die
1541 1162 1608 1186 lune
1634 1163 1745 1186 decimo
1765 1170 1843 1186 nono
1868 1164 1897 1186 et
1916 1163 2017 1186 martis
2042 1162 2182 1194 vigesimo

332 1208 438 1231 mensis
459 1207 593 1236 eiusdem,
613 1206 793 1238 presentibus
812 1205 1015 1229 Bartholameo
1034 1205 1181 1229 Anthonii
1204 1204 1237 1229 de
1256 1207 1386 1230 contrata
1411 1206 1514 1231 Sancte
1537 1206 1638 1231 Crucis
1659 1208 1686 1231 et
1704 1206 1859 1231 Francisco
1879 1207 2020 1239 quondam
2043 1214 2086 1231 ser
2104 1207 2180 1232 Petri

331 1251 437 1275 filaroli
459 1252 493 1275 de
512 1252 643 1275 contrata
663 1250 689 1275 S.
704 1251 847 1282 Johannis
867 1257 882 1274 a
902 1250 1030 1278 navibus,
1053 1250 1176 1274 notarils
1196 1250 1230 1273 ad
1251 1249 1359 1274 dictum
1380 1251 1500 1281 discum,
1520 1253 1548 1275 et
1567 1252 1643 1275 aliis.

500 1347 632 1380 XXIII.
659 1365 699 1370 -
728 1348 894 1380 Dominus
916 1347 1060 1380 Brusco.

418 1447 470 1478 90.
498 1464 534 1469 —
562 1445 661 1477 Fiolo
685 1445 838 1478 succede
862 1457 883 1476 a
906 1456 1018 1477 meser
1048 1444 1233 1477 Bonifacio

331 1499 512 1542 Papafava
548 1501 593 1532 da
624 1499 787 1532 Carraria
800 1498 819 1531 ¹.
867 1500 918 1530 De
954 1504 1076 1541 questo
1107 1497 1234 1529 mesier

333 1553 464 1585 Brusco
488 1553 523 1584 io
547 1559 646 1585 trovo
671 1564 714 1584 ne
739 1552 856 1584 l’anno
882 1552 939 1584 del
965 1552 1112 1594 Signore
1137 1550 1232 1582 mille

336 1611 474 1638 resento
491 1605 625 1639 undese
641 1616 735 1640 esser
751 1606 908 1638 mettudo
933 1606 964 1637 al
982 1604 1071 1637 libro
1088 1605 1132 1638 de
1150 1604 1233 1636 ban-

330 1659 470 1702 decadi,
502 1659 634 1702 perche
665 1659 734 1691 ello
765 1669 810 1691 no
842 1659 945 1691 volea
974 1670 1084 1703 pagar
1114 1659 1230 1702 alguni

331 1713 451 1750 debiti,
467 1714 523 1745 nei
540 1713 633 1755 quali
651 1713 719 1745 ello
736 1723 796 1745 era
806 1713 966 1755 >tegnudo
990 1722 1054 1754 per
1077 1713 1110 1743 la
1132 1712 1232 1744 here-

330 1767 403 1800 dita
418 1773 574 1809 patema,
591 1778 692 1800 como
705 1778 768 1810 per
786 1767 819 1799 lo
835 1773 926 1800 sotto
943 1766 1074 1808 scripto
1088 1777 1229 1809 appare.

413 2409 464 2440 91.
490 2428 531 2433 —-
556 2408 689 2450 Reperi
713 2417 813 2440 como
837 2417 950 2439 meser
973 2405 1117 2445 Brusco‚
1141 2406 1221 2439 fiolo

326 2464 389 2495 che
413 2463 451 2494 fo
476 2462 520 2494 de
543 2472 655 2493 meser
678 2461 864 2493 Bonifacio
881 2459 1061 2502 Papafava
1077 2460 1122 2492 da
1138 2459 1223 2492 Car-

323 2528 412 2555 rara,
437 2517 475 2548 fo
498 2514 655 2548 mettudo
679 2514 712 2546 al
734 2514 825 2546 libro
850 2514 885 2546 di
901 2513 1101 2556 bandecadi
1118 2524 1138 2545 a
1161 2524 1220 2555 pe-

322 2572 430 2605 ticion
454 2569 498 2602 de
520 2568 648 2601 mesier
670 2568 774 2600 Piero
798 2568 911 2600 Rosso
934 2578 997 2609 per
1020 2567 1111 2599 soldi
1133 2566 1219 2599 vinti

325 2626 369 2657 de
392 2634 512 2668 grosso
525 2623 546 2655 ².

413 2801 422 2817 ¹
441 2802 554 2831 Brusco,
575 2800 654 2832 figlio
675 2799 703 2823 di
725 2799 890 2827 Bonifacio,
916 2798 962 2822 del
988 2806 1066 2822 ramo
1093 2798 1138 2822 dei
1163 2797 1215 2822 Pa-

323 2845 429 2877 pasava
449 2843 540 2875 (tigno
561 2842 591 2866 di
610 2840 784 2865 Giacornlno
805 2840 973 2873 Papafava)‚
993 2840 1064 2864 mori
1085 2841 1217 2872 giovane.

324 2894 382 2910 non
403 2886 493 2909 molto
512 2885 587 2910 oltre
608 2885 628 2908 il
649 2883 743 2916 padre.
781 2884 835 2907 Nel
855 2889 931 2916 1304,
946 2883 1061 2914 quando
1073 2883 1218 2906 eontrasse

324 2928 454 2960 sponsali
474 2934 525 2951 con
549 2927 670 2951 Mabilia
695 2925 938 2958 Linguadivacca,
964 2932 1021 2949 non
1046 2931 1093 2949 era
1112 2930 1218 2948 ancora

324 2970 445 3001 pubere;
467 2969 512 2993 nel
535 2975 600 3002 ¹317
622 2977 668 2993 era
688 2970 773 3001 posto
794 2968 839 2992 nel
860 2967 936 2992 libro
956 2967 1002 2991 dei
1020 2966 1144 2995 bandiffi,
1168 2973 1218 2998 per

325 3012 411 3035 debiti
434 3011 566 3039 insolutl,
588 3012 679 3035 morto
693 3008 740 3042 gia
761 3010 780 3033 il
802 3010 902 3042 padre3
922 3009 944 3034 11
965 3015 995 3033 22
1017 3009 1130 3033 ottobre
1151 3013 1216 3039 ¹3¹7

1451 1348 1582 1382 XXIII.
1607 1367 1647 1371 —
1672 1349 1838 1381 Dominus
1861 1351 2016 1381 Bruscus.

1375 1446 1427 1478 90.
1451 1463 1495 1468 —
1515 1446 1624 1478 Filius
1641 1447 1779 1479 domino
1803 1446 1988 1478 Bonifacio
2004 1446 2182 1488 Papafave

1285 1500 1463 1532 successit.
1508 1500 1616 1532 Cuius
1646 1500 1880 1532 successionis
1910 1505 2059 1541 tempuS‚
2089 1499 2183 1541 quod

1282 1554 1318 1586 in
1343 1553 1557 1586 documentis
1581 1554 1623 1585 de
1646 1553 1723 1595 ipso
1746 1551 1970 1595 loquentibus
1985 1551 2184 1589 adinvenio,

1283 1606 1370 1639 illud
1400 1612 1435 1638 et
1468 1616 1535 1649 ego
1570 1605 1764 1649 legentibus
1798 1606 1945 1637 tradam.
1992 1604 2059 1635 Hic
2091 1604 2180 1636 enim

1282 1660 1417 1704 juvenis
1447 1660 1562 1691 studio
1587 1659 1723 1691 deditus
1739 1658 1807 1690 fuit
1829 1658 2033 1695 litterarum,
2056 1658 2092 1689 in
2109 1658 2183 1700 qui-

1282 1712 1346 1745 bus
1368 1713 1571 1745 mirabiliter
1590 1712 1811 1755 proficiebat,
1842 1712 1905 1744 sed
1935 1712 1970 1742 in
1993 1712 2182 1744 iuventutis

1281 1768 1364 1800 flore
1386 1773 1497 1800 morte
1519 1772 1708 1809 preventus
1732 1766 1776 1797 ad
1802 1765 1898 1797 illum
1916 1765 2086 1807 sapientie
2109 1765 2182 1808 api-

1280 1832 1356 1854 cem
1387 1821 1573 1863 pervenire
1604 1830 1674 1852 non
1705 1819 1826 1856 valuit,
1857 1819 1903 1850 ad
1935 1829 2037 1861 quem
2069 1819 2179 1860 ipsum

1279 1875 1412 1907 animus
1426 1873 1672 1916 ingeniumque
1689 1872 1833 1904 allicere
1850 1871 2068 1904 videbantur.
2100 1872 2181 1905 Fuit

1279 1935 1393 1960 tamen
1417 1927 1454 1959 in
1477 1927 1552 1969 ipsa
1574 1928 1754 1971 juventute
1779 1926 1867 1957 adeo
1891 1925 2012 1962 elatus,
2035 1932 2082 1966 ut,
2099 1936 2177 1958 cum

1277 1992 1341 2024 pro
1365 1981 1518 2023 paternis
1541 1980 1669 2012 debitis
1692 1991 1712 2011 a
1736 1978 1968 2010 creditoribus
1991 1978 2178 2021 impetere-

1276 2041 1341 2072 tur,
1375 2034 1526 2066 medium
1558 2034 1694 2065 solvere
1726 2037 1910 2070 recusaret,
1945 2032 2008 2064 sed
2039 2042 2176 2075 quoque

1275 2093 1456 2130 sperneret
1486 2086 1717 2130 magistratus.
1765 2085 1932 2128 Ideoque,
1969 2094 2046 2116 cum
2071 2085 2177 2117 alium

1276 2141 1454 2173 solutionis
1469 2141 1610 2171 modum
1628 2139 1800 2170 nescirent
1821 2138 2023 2175 creditores,
2040 2143 2176 2170 constat

1276 2205 1352 2226 eum
1383 2194 1421 2225 in
1450 2192 1632 2224 millesimo
1657 2191 1904 2224 trecentesimo
1926 2190 2114 2223 undecimo
2138 2190 2174 2222 in

1274 2248 1363 2281 libro
1380 2246 1658 2278 forbannitorum
1683 2244 1839 2276 comunis
1862 2243 1982 2289 Padpe
2013 2243 2174 2286 positum,

1274 2307 1312 2334 ut
1333 2301 1377 2333 de
1401 2300 1476 2342 ipso
1499 2300 1558 2332 hic
1581 2300 1674 2331 infra
1696 2300 1770 2341 ipse
1794 2297 1958 2330 inscribo.

1362 2406 1414 2438 91.
1442 2424 1480 2428 ——
1506 2405 1639 2447 Reperi
1663 2404 1882 2443 forbannum,
1899 2403 2047 2446 qualiter
2063 2403 2173 2435 domi-

1272 2471 1336 2493 nus
1359 2459 1520 2498 Bmscus,
1537 2470 1569 2501 q.
1587 2459 1716 2490 domini
1737 2457 1912 2490 Bonifacii
1929 2457 2109 2499 Papafave
2125 2457 2170 2488 de

1271 2513 1443 2550 Carraria,
1469 2512 1689 2545 forbannitus
1718 2511 1786 2542 fuit
1809 2511 1854 2543 ad
1884 2510 2087 2552 petitionem
2109 2509 2172 2542 do-

1271 2566 1354 2598 mini
1373 2566 1467 2598 Petri
1487 2564 1601 2597 Rubei
1618 2575 1681 2607 pro
1694 2563 1816 2596 solidis
1827 2563 1948 2607 viginti
1959 2572 2169 2607 grossorum.

1271 2795 1386 2820 dettava
1407 2794 1427 2819 il
1447 2801 1498 2818 suo
1520 2796 1691 2818 testamento
1712 2792 1851 2824 (Cnomo,
1872 2791 1980 2820 Albcro,
1995 2798 2020 2822 p.
2042 2796 2074 2822 73
2099 2788 2166 2822 sg.):

1272 2840 1348 2862 certo
1367 2845 1414 2861 era
1433 2835 1481 2869 gia
1501 2839 1595 2861 morto
1617 2837 1663 2860 nel
1687 2834 1762 2868 1318,
1785 2833 1933 2859 lasciando
1959 2840 1996 2857 un
2022 2832 2112 2865 figlio,
2136 2832 2166 2856 dl

1273 2888 1356 2904 nome
1375 2879 1550 2912 Ugoccione,
1569 2879 1716 2903 ricordato
1738 2879 1766 2901 in
1786 2884 1823 2901 un
1844 2877 2017 2901 Istrumento
2030 2874 2077 2899 del
2090 2880 2166 2906 1332,

1271 2929 1301 2947 21
1324 2924 1448 2954 maggio,

1359 2962 1369 2979 ²
1390 2964 1518 2993 Canum,
1540 2965 1648 2994 Albero,
1662 2971 1688 2995 p.
1709 2969 1750 2994 73.

2212 806 2244 833 10

2215 1026 2245 1052 15

2212 1249 2247 1275 20

2211 1612 2252 1645 25

2207 1871 2250 1904 30

2203 2137 2244 2169 35

2200 2457 2242 2487 40

2197 2919 2228 2937 10
