2290 3449
25 740 57 767 10

28 962 59 988 15

24 1184 70 1220 20,

27 1406 61 1432 25

29 1629 64 1656 30

30 1853 65 1880 35

33 2076 68 2104 40

36 2299 70 2326 45

37 2522 90 2549 50·

44 2746 76 2772 55

86 351 168 368 mane
187 343 342 375 Tropinus,
361 349 377 366 a
398 349 474 366 nona
495 342 522 365 d.
541 341 739 372 Nascimbene‚
754 348 769 365 a
783 348 846 364 sero
866 341 913 364 via
927 340 1119 367 consorcium,
1132 338 1165 361 de
1180 338 1233 368 qua
1247 336 1341 360 reddit
1354 337 1504 360 annuatim
1519 337 1607 360 staria
1621 337 1677 361 tria
1696 337 1764 361 boni
1785 337 1932 362 frumenti.

85 388 164 417 Item,
178 395 262 412 unam
282 388 391 419 peciam
410 388 485 410 terre
505 386 535 410 in
556 386 633 409 dicta
653 387 793 413 contrata,
814 392 866 416 que
885 386 994 416 regitur
1012 391 1063 416 per
1082 382 1265 406 Albertinum
1285 389 1310 412 q.
1332 380 1462 411 Cim-elli,
1485 382 1569 405 unius
1589 382 1680 413 campi
1702 383 1729 406 et
1748 382 1832 405 unius
1853 389 1932 413 quar-

85 434 163 461 terii,
183 433 298 456 coheret
317 439 331 456 a
351 438 435 455 mane
453 430 568 454 heredes
589 438 614 462 q.
633 430 768 454 Ubertini
789 429 963 456 Pertimasii,
984 436 998 452 a
1018 435 1079 451 sero
1100 426 1125 450 d.
1151 426 1251 450 Petrus
1272 425 1367 449 Bonus
1386 427 1413 448 et
1434 432 1449 448 a
1470 432 1545 449 nona
1568 426 1593 449 d.
1613 425 1808 455 Naschnbene,
1828 427 1862 450 de
1880 433 1934 457 qua

86 477 182 500 reddit
201 476 350 500 annuatim
371 477 476 507 septem
491 476 650 506 quarterios
663 475 733 498 boni
755 474 900 497 frumenti.
937 472 1126 503 Infrascripta
1147 471 1212 494 sunt
1226 470 1375 494 sedimina.
1408 469 1440 493 In
1460 470 1571 502 primis,
1585 477 1671 493 unum
1685 470 1810 493 sedimen
1824 470 1854 494 in
1869 478 1935 494 con-

86 523 170 551 trata,
189 528 242 552 que
258 519 366 544 dicitur
386 519 548 548 Calcavisa,
569 521 693 551 quatuor
712 520 884 550 perticarum
910 519 938 541 et
957 515 1117 540 tabularum
1137 515 1330 546 quadraginta
1350 515 1465 546 septem,
1485 515 1559 544 quod
1580 515 1692 537 tenetur
1711 522 1760 546 per
1779 514 1936 539 Guidotum

87 573 112 597 q.
131 565 253 589 Martini
273 565 306 589 de
325 564 446 594 Fuscho,
461 564 576 588 coheret
591 572 605 588 a
619 571 702 588 mane
716 563 763 587 via
778 563 915 590 comunis,
935 568 950 585 a
971 560 1106 584 nullhora
1119 559 1192 583 dicti
1205 560 1356 592 emptores,
1370 566 1385 582 a
1400 565 1477 582 nona
1495 558 1610 582 heredes
1630 558 1764 582 Meiorati
1785 558 1934 589 Bocalade,

86 611 119 634 de
139 617 195 642 quo
214 609 311 634 reddit
332 616 416 633 unam
436 609 565 641 spallam,
584 616 670 632 unam
690 608 833 640 fugaciam
852 608 879 630 et
899 605 998 630 soldos
1018 605 1150 636 quinque.
1188 604 1266 634 Item,
1293 610 1380 627 unum
1399 602 1536 631 sedimen,
1556 603 1631 634 quod
1658 605 1771 627 tenetur
1796 611 1845 636 per
1870 604 1936 628 Cre-

87 655 229 678 scencium
248 653 278 677 in
299 653 377 677 dicta
398 654 538 683 contrata,
557 652 731 685 perticarum
752 653 839 675 trium
858 652 886 674 et
905 648 1067 674 tabularum
1088 648 1213 679 triginta·
1227 655 1286 677 sex,
1302 647 1416 671 coheret
1436 654 1451 670 a
1472 647 1605 671 nullhora
1626 647 1672 670 via
1687 648 1825 677 comunis,
1839 655 1855 672 a
1875 656 1936 672 sero

87 698 159 722 dicti
186 697 297 722 nobiles
317 699 467 730 emptores,
488 705 502 722 a
522 704 605 721 mane
625 697 673 720 via
693 696 883 725 consorcium,
905 695 932 718 et
952 692 1048 717 reddit
1068 693 1101 716 de
1121 692 1200 716 dicto
1220 692 1360 716 sedimine
1379 699 1464 715 unam
1484 691 1615 723 spallam,
1636 698 1721 715 unam
1747 692 1891 723 fugaciam
1909 695 1937 716 et

87 743 185 766 soldos
204 744 334 774 quatuor.
370 742 450 772 Item,
475 749 562 766 unum
578 740 715 770 sedimen,
734 739 811 771 quod
831 739 945 763 tenetur
964 744 1013 770 per
1032 737 1212 761 Sulimanum
1231 737 1354 766 Andree,
1374 737 1405 760 in
1428 737 1569 764 contrata,
1588 743 1640 766 que
1661 735 1769 760 dicitur
1789 735 1937 766 Calchara,

87 787 210 818 quatuor
223 788 395 818 perticarum
410 788 439 810 et
452 785 602 810 duodecim
622 783 792 811 tabularum,
812 783 926 807 coheret
947 790 961 806 a
981 789 1043 806 sero
1062 782 1090 805 et
1104 789 1118 805 a
1134 781 1268 804 nullhora
1287 781 1335 804 via
1355 780 1471 813 publica
1485 782 1512 803 et
1527 788 1541 804 a
1557 787 1632 804 nona
1646 780 1766 804 ecclesia
1779 779 1805 804 S.
1826 779 1936 811 Crucis,

89 831 122 854 de
141 837 197 863 quo
217 831 312 855 reddit
332 838 415 854 unam
437 829 565 862 spallam,
586 836 672 853 unam
691 827 834 859 fugaciam
854 829 882 851 et
902 826 1002 850 soldos
1022 827 1155 857 quatuor.
1192 825 1271 856 Item,
1284 832 1371 848 unum
1392 825 1526 855 sedimen,
1546 824 1621 856 quod
1642 826 1755 848 tenetur
1775 832 1824 855 per
1843 824 1939 849 Alme-

89 875 188 907 ricum,
210 877 240 899 in
261 876 402 903 contrata,
422 882 475 906 que
495 874 602 899 dicitur
620 873 717 901 Porte,
731 872 856 903 quinque
875 871 1037 896 tabularum
1055 872 1082 895 et
1102 870 1278 902 perticarum
1291 870 1414 901 triginta
1435 877 1493 899 sex,
1506 869 1619 893 coheret
1639 877 1654 893 a
1675 876 1755 893 mane
1769 870 1941 901 Hyeremias,

90 927 106 943 a
125 927 188 944 sero
207 920 327 944 ecclesia
347 919 373 944 S.
393 919 494 944 Crucis
513 919 541 942 et
560 925 576 942 a
596 924 672 941 nona
693 917 831 941 fossatum
852 916 992 944 comunis,
1013 916 1046 939 de
1066 923 1120 946 quo
1140 914 1236 938 reddit
1262 922 1346 938 unam
1367 914 1494 947 spallam,
1522 921 1607 937 unam
1629 914 1771 945 fugaciam
1791 916 1818 938 et
1841 914 1940 938 soldos

91 965 222 995 quatuor.
255 964 333 993 Item,
353 963 439 988 unum
459 963 595 991 sedimen,
614 961 690 993 quod
709 962 823 985 tenetur
842 967 890 992 per
904 960 1019 984 heredes
1038 967 1064 991 q.
1079 959 1243 983 Marcoardi
1264 959 1381 988 notarii,
1396 959 1426 983 in
1441 959 1574 982 contrata
1594 957 1709 985 Can-ubi,
1723 958 1839 982 duarum
1854 960 1940 990 perti-

91 1017 186 1033 carum
205 1010 233 1033 et
252 1009 413 1033 tabularum
432 1008 624 1039 quadraginta
639 1006 772 1038 quinque,
785 1006 902 1030 coheret
915 1013 929 1029 a
943 1012 1025 1028 mane
1044 1004 1246 1038 Galcegnanus
1260 1012 1286 1035 q.
1306 1004 1394 1027 Marci
1410 1004 1444 1028 de
1456 1003 1595 1032 Secundo,
1610 1011 1625 1027 a
1640 1011 1701 1026 sero
1716 1002 1741 1027 d.
1754 1002 1943 1027 Nascimbene

90 1055 117 1077 et
137 1041 155 1078 a¹
172 1061 248 1078 nona
268 1054 316 1077 via
336 1052 474 1082 comunis,
494 1052 527 1076 de
546 1059 601 1083 quo
621 1051 716 1075 reddit
736 1058 820 1074 unam
840 1050 971 1082 spallam,
990 1057 1077 1073 unam
1092 1049 1235 1080 fugaciam
1255 1050 1283 1073 et
1303 1048 1401 1072 soldos
1421 1050 1487 1072 tres.
1516 1048 1595 1078 Item,
1609 1055 1695 1072 unum
1716 1048 1851 1077 sedimen,
1866 1049 1940 1079 quod

91 1099 203 1122 tenetur
223 1105 272 1130 per
291 1099 459 1130 magiStrum
473 1096 644 1128 Jacobinum
663 1094 818 1125 Gabrielis,
838 1095 868 1118 in
890 1095 1023 1119 contrata
1044 1093 1160 1124 Carubi,
1180 1096 1303 1125 quatuor
1322 1094 1495 1125 perticarum
1511 1094 1538 1117 et
1558 1093 1721 1117 tabularum
1734 1093 1859 1124 triginta
1878 1093 1943 1117 dua-

91 1144 160 1171 rum,
180 1143 294 1167 coheret
320 1150 334 1166 a
359 1148 440 1166 mane
459 1140 575 1165 heredes
594 1148 620 1171 q.
639 1139 792 1169 StraoHni,
813 1148 828 1164 a
849 1147 910 1163 sero
925 1139 1109 1171 johanninus
1129 1146 1153 1170 q.
1181 1137 1344 1162 Crescencii
1364 1138 1391 1161 et
1415 1145 1430 1161 a
1451 1145 1527 1162 nona
1553 1137 1645 1161 dictus
1665 1137 1801 1166 Carubus,
1828 1137 1861 1161 de
1887 1145 1942 1168 quo

92 1186 187 1211 reddit
206 1187 355 1210 annuatIm
374 1193 458 1209 unam
479 1185 601 1216 spallam
620 1186 648 1208 et
666 1191 752 1208 unam
774 1184 925 1216 sugaciam.
963 1183 1043 1212 Item,
1063 1190 1150 1206 unum
1170 1182 1305 1211 sedimen,
1326 1182 1402 1214 quod
1421 1184 1535 1207 tenetur
1555 1189 1604 1214 per
1623 1182 1649 1206 d.
1669 1182 1802 1212 Primam,
1824 1182 1855 1205 in
1875 1189 1942 1206 con-

92 1233 176 1261 trata,
197 1239 250 1263 que
269 1231 377 1255 dicitur
396 1230 553 1261 Vodeieno,
575 1230 700 1261 quinque
720 1230 892 1261 perticarum
912 1230 939 1253 et
959 1228 1121 1252 tabularum
1136 1228 1259 1260 triginta
1280 1228 1406 1256 duarum,
1426 1227 1539 1251 coheret
1553 1235 1568 1251 a
1582 1234 1664 1251 mane
1678 1227 1769 1250 Maria
1787 1225 1943 1259 Rodolphi,

92 1283 106 1300 a
126 1283 189 1300 sero
208 1277 279 1300 dicti
300 1275 422 1304 nobiles,
441 1282 456 1299 a
476 1275 611 1299 nullhora
631 1275 678 1298 via
693 1274 882 1302 co1nunis,<1e
902 1281 958 1305 quo
972 1274 1067 1297 reddit
1087 1280 1172 1297 unam
1187 1273 1318 1304 spallam,
1337 1279 1421 1296 unam
1438 1272 1588 1304 fugaciam,
1605 1279 1691 1295 unum
1706 1279 1757 1305 par
1768 1271 1944 1303 gallinarum

91 1322 119 1344 et
138 1321 237 1344 soldos
256 1320 352 1344 decem
371 1327 534 1351 parvorum.
566 1319 644 1347 Item,
664 1326 750 1343 unam
769 1319 880 1350 peciam
894 1320 968 1342 terre
987 1319 1016 1342 et
1034 1319 1110 1350 prati
1126 1318 1156 1341 in
1167 1318 1309 1347 contrata,
1323 1325 1376 1348 que
1390 1317 1499 1341 dicitur
1512 1316 1687 1346 Paludonea,
1703 1324 1756 1348 que
1776 1317 1884 1348 regitur
1897 1324 1945 1347 per

92 1364 118 1388 d.
137 1364 325 1388 Nascimbene
344 1366 372 1388 et
390 1363 551 1397 Qanonum,
571 1363 708 1387 tredecim
729 1370 903 1394 camporum,
923 1364 1007 1386 unius
1027 1363 1143 1394 pertice,
1169 1361 1283 1386 coheret
1310 1369 1325 1386 a
1345 1368 1422 1385 nona
1441 1361 1560 1385 ecclesia
1579 1361 1606 1385 S.
1626 1361 1746 1392 Agathe,
1768 1367 1784 1384 a
1799 1368 1861 1384 sero
1881 1362 1909 1385 et
1927 1368 1943 1384 a

94 1408 228 1432 nullhora
248 1409 318 1432 dicti
340 1408 460 1439 nobiles,
481 1415 497 1432 a
517 1415 600 1432 mane
618 1408 740 1440 Egidius
760 1408 786 1432 d.
806 1407 897 1431 Marci
918 1408 1052 1437 monarii,
1073 1406 1107 1430 de
1127 1414 1181 1438 qua
1196 1407 1292 1430 reddit
1312 1407 1400 1430 staria
1420 1406 1514 1430 decem
1535 1405 1623 1430 millii
1644 1406 1722 1429 omni
1743 1412 1828 1429 anno.
1864 1405 1944 1433 Item,

91 1460 176 1477 unam
196 1454 306 1486 peciam
327 1455 408 1483 terre,
427 1460 480 1484 que
500 1452 608 1485 regitur
628 1460 677 1484 per
696 1452 810 1477 Petrum
832 1460 845 1476 a
867 1452 957 1476 Puteo
979 1454 1006 1476 et
1021 1451 1183 1483 Johannem
1203 1453 1265 1475 eius
1284 1450 1384 1479 filium,
1400 1451 1429 1474 in
1444 1451 1585 1479 contrata,
1599 1457 1651 1481 que
1665 1450 1773 1474 dicitur
1785 1449 1946 1482 Rubigana,

91 1498 179 1522 trium
199 1505 373 1530 camporum,
385 1498 503 1522 duarum
516 1498 689 1531 perticarum
704 1499 731 1521 et
745 1497 909 1521 tabularum
929 1496 1130 1528 quadraginta,
1145 1496 1261 1520 coheret
1274 1503 1289 1519 a
1303 1502 1386 1520 mane
1401 1495 1538 1519 fossatum
1553 1495 1692 1523 comunis,
1706 1503 1720 1519 a
1735 1502 1797 1518 sero
1811 1494 1946 1519 Albertus

93 1550 118 1573 q.
137 1542 270 1571 Viviani,
290 1550 304 1566 a
326 1549 402 1566 nona
417 1542 601 1574 Johanninus
621 1542 715 1565 dictus
734 1541 856 1571 Rubeus,
885 1549 898 1565 a
921 1540 1055 1565 nullhora
1081 1542 1129 1564 via
1157 1541 1350 1568 consorcium,
1371 1539 1404 1564 de
1424 1547 1478 1571 qua
1499 1539 1594 1563 reddit
1619 1546 1706 1563 unum
1725 1540 1844 1563 starium
1864 1539 1948 1563 blave

94 1594 147 1619 pro
167 1594 267 1618 campo
287 1587 321 1611 de
342 1587 394 1610 illa
413 1587 509 1616 blava,
529 1594 581 1618 que
600 1587 654 1610 erit
673 1587 752 1610 intus
773 1586 924 1610 seminata.
961 1585 1042 1614 Item,
1062 1593 1147 1609 unam
1171 1586 1281 1617 peciam
1307 1586 1389 1615 terre,
1415 1592 1468 1615 que
1494 1585 1602 1616 regitur
1627 1591 1676 1615 per
1697 1584 1895 1608 Marcoardum
1923 1591 1949 1615 q.

95 1632 268 1662 Marcoarffl,
290 1633 318 1656 in
339 1631 500 1663 Rubigana,
514 1638 563 1655 sex
577 1638 737 1663 camporum
758 1638 820 1655 cum
836 1630 968 1659 dimidio,
988 1630 1104 1654 coheret
1125 1638 1141 1654 a
1161 1637 1243 1654 manc
1256 1630 1370 1653 heredes
1385 1637 1409 1660 q.
1424 1629 1586 1653 Marcoardi
1603 1628 1720 1659 notarii,
1739 1635 1755 1652 a
1774 1636 1836 1652 sero
1856 1629 1950 1653 dictus

94 1677 276 1700 Marcoardus
297 1678 324 1700 et
344 1683 359 1700 a
379 1683 456 1700 nona
476 1677 522 1700 via
548 1675 688 1706 comunis,
715 1675 749 1699 de
775 1682 831 1706 qua
857 1675 953 1698 reddit
979 1676 1070 1698 staria
1096 1681 1146 1698 sex
1174 1674 1272 1698 millii.
1309 1674 1389 1703 Item,
1409 1681 1495 1697 unam
1520 1674 1628 1705 peciam
1648 1675 1721 1697 terre
1741 1675 1768 1697 et
1791 1673 1876 1704 prati,
1896 1681 1949 1704 que

92 1721 201 1752 regitur
220 1728 270 1752 per
289 1720 440 1744 Albertum
460 1728 487 1751 q.
515 1720 608 1750 Melii,
633 1727 686 1752 que
711 1721 754 1744 est
774 1721 804 1743 in
825 1721 957 1743 contrata
979 1721 1059 1750 Bray,
1079 1719 1231 1743 duodecim
1257 1718 1431 1750 perticarum
1456 1719 1484 1742 et
1509 1718 1671 1742 tabularum
1692 1717 1801 1750 viginti
1821 1718 1948 1747 duarum,

94 1766 210 1790 coheret
228 1773 243 1790 a
263 1772 346 1789 mane
364 1765 478 1789 heredes
492 1772 518 1796 q.
533 1764 654 1789 Martini
669 1764 770 1793 Rubei,
791 1772 807 1788 a
828 1771 890 1788 sero
910 1764 959 1788 via
972 1765 1104 1788 comunis
1124 1764 1152 1787 et
1171 1770 1187 1787 a
1201 1769 1276 1787 nona
1290 1763 1316 1787 d.
1330 1762 1491 1794 Hengulfus
1504 1769 1607 1786 comes.
1643 1762 1724 1792 Item,
1734 1769 1819 1786 unam
1839 1762 1948 1793 peciam

94 1812 168 1835 terre
188 1812 218 1834 in
238 1809 374 1835 Concheo
394 1810 487 1834 decem
509 1809 680 1841 perticarum
701 1811 729 1833 et
748 1809 910 1833 tabularum
930 1808 1104 1840 quindecim,
1119 1808 1231 1832 coheret
1244 1815 1259 1832 a
1273 1815 1337 1832 sero
1356 1807 1556 1831 Mansredinus
1576 1807 1693 1836 Grotus,
1712 1813 1729 1830 a
1748 1814 1829 1831 mane
1849 1806 1949 1831 Petrus

96 1855 211 1887 Papoli,
229 1863 245 1879 a
265 1863 341 1880 nona
363 1856 449 1879 frater
469 1855 627 1883 Amerinus,
649 1854 683 1878 de
701 1862 756 1886 qua
776 1854 871 1878 reddit
890 1854 981 1878 staria
1000 1854 1056 1877 duo
1079 1854 1225 1877 frumenti.
1260 1852 1340 1881 Item,
1360 1859 1445 1876 unam
1465 1853 1574 1884 peciam
1593 1853 1666 1876 terre
1686 1851 1716 1875 in
1737 1851 1808 1876 Breo
1828 1853 1951 1882 quatuor

97 1901 270 1933 perticarum
288 1902 317 1924 et
335 1899 498 1924 tabularum
518 1899 692 1931 quindecim,
712 1899 827 1923 coheret
846 1905 862 1923 a
881 1906 963 1923 mane
988 1898 1131 1930 Alberttrs,
1153 1905 1168 1921 a
1189 1905 1250 1922 sero
1277 1897 1392 1921 heredes
1417 1904 1442 1928 q.
1468 1895 1626 1920 Clementis
1651 1898 1679 1920 et
1699 1903 1713 1920 a
1740 1896 1875 1920 nullhora
1901 1897 1949 1920 via

98 1945 285 1969 consortium.
322 1945 402 1975 Item,
422 1951 508 1969 unam
527 1945 637 1976 peciam
656 1945 729 1969 terre
749 1944 779 1968 in
800 1944 870 1968 Breo
890 1943 961 1968 dicti
982 1942 1097 1967 Alberti
1110 1950 1135 1974 q.
1150 1942 1230 1966 Melii
1245 1943 1330 1966 unius
1344 1941 1447 1973 campi,
1466 1941 1601 1965 tredecim
1614 1942 1787 1972 perticarum
1801 1942 1828 1965 et
1841 1941 1950 1965 tabula-

98 1997 158 2013 rum
179 1990 299 2021 viginti,
319 1989 433 2013 coheret
447 1997 462 2013 a
476 1997 556 2013 mane
570 1989 689 2013 Perotus
702 1996 728 2020 q.
743 1988 874 2013 Conradi
888 1987 1008 2020 notarii,
1023 1995 1037 2011 a
1053 1995 1129 2011 nona
1144 1987 1217 2011 dicti
1232 1988 1381 2018 emptores,
1399 1994 1413 2010 a
1428 1992 1490 2010 sero
1503 1987 1551 2009 via
1571 1985 1711 2015 comunis,
1730 1985 1764 2009 de
1783 1992 1837 2016 qua
1857 1985 1950 2009 reddit

98 2035 188 2058 staria
207 2034 263 2058 duo
283 2033 384 2058 millei.
421 2033 503 2064 Item,
521 2041 606 2058 unam
626 2035 737 2065 peciam
756 2035 839 2062 terre,
859 2040 912 2064 que
931 2033 1046 2057 tenetur
1066 2038 1115 2064 per
1134 2032 1289 2056 Henricum
1314 2031 1344 2054 In
1366 2031 1442 2055 dicta
1467 2031 1609 2061 contrata,
1635 2031 1721 2054 unius
1741 2030 1843 2062 campi,
1862 2031 1951 2054 trium

99 2079 271 2112 perticarum
291 2080 318 2102 et
338 2078 501 2103 tabularum
520 2079 746 2110 quatuordecim,
768 2078 882 2102 coheret
902 2085 916 2101 a
936 2084 999 2101 sero
1019 2078 1067 2101 via
1087 2076 1213 2108 publica,
1233 2084 1248 2100 a
1268 2083 1344 2100 nona
1362 2076 1424 2108 jura
1443 2075 1560 2099 ecclesie
1574 2074 1600 2099 S.
1615 2074 1725 2106 Crucis,
1745 2082 1760 2099 a
1774 2074 1910 2099 nullhora
1925 2074 1952 2099 d.

99 2124 260 2156 Hengulfus
286 2131 388 2152 comes,
408 2123 442 2147 de
460 2130 515 2154 qua
540 2122 636 2147 reddit
655 2130 743 2147 unum
763 2122 884 2147 starium
905 2122 1041 2146 frumenti
1062 2123 1090 2145 et
1110 2128 1197 2145 unum
1218 2128 1268 2152 par
1287 2120 1502 2152 pollastrorum.
1538 2119 1616 2149 Item,
1635 2127 1720 2143 unam
1740 2120 1849 2151 peciam
1869 2120 1953 2149 terre,

100 2175 153 2200 que
178 2169 291 2192 tenetur
316 2175 365 2200 per
390 2167 540 2201 (junonum
566 2167 712 2192 notarium
740 2168 769 2191 in
796 2167 876 2191 dicta
902 2168 1041 2197 contrata,
1069 2165 1186 2190 duorum
1213 2172 1388 2197 camporum,
1409 2164 1582 2197 perticarum
1609 2171 1713 2188 novem
1739 2165 1767 2188 et
1791 2163 1951 2188 tabularum

100 2214 311 2245 quinquaginta
331 2213 458 2243 duarum,
477 2212 590 2237 coheret
607 2220 624 2237 a
645 2220 726 2236 mane
746 2213 845 2236 Petrus
866 2220 891 2243 q.
911 2210 1042 2235 Conradi
1062 2212 1180 2239 notarii,
1200 2217 1216 2234 a
1241 2210 1377 2234 nullhora
1397 2209 1423 2233 d.
1443 2208 1604 2241 Hengulsus
1623 2215 1716 2232 comes
1735 2210 1763 2232 et
1782 2216 1797 2233 a
1823 2216 1885 2232 sero
1906 2210 1953 2232 via

101 2260 241 2287 comunis,
261 2257 295 2281 de
313 2265 367 2289 qua
386 2256 481 2281 reddit
500 2264 586 2281 unum
607 2258 726 2282 starium
742 2257 811 2281 boni
832 2257 968 2280 frumenti
989 2258 1017 2280 et
1037 2262 1125 2279 unum
1146 2262 1282 2279 anserem.
1319 2254 1400 2284 Item,
1419 2262 1504 2278 unam
1524 2253 1633 2285 peciam
1653 2254 1729 2285 prati
1749 2254 1779 2277 In
1799 2253 1954 2282 Palusello,

102 2309 156 2334 que
174 2302 284 2334 regitur
303 2309 353 2335 per
371 2301 549 2326 Sulimanum
565 2309 590 2332 q.
604 2302 728 2330 Andr-ee,
747 2301 834 2325 unius
850 2302 953 2333 campi,
973 2301 1144 2332 perticarum
1159 2301 1281 2331 quatuor
1295 2300 1323 2323 et
1342 2298 1502 2322 tabularum
1516 2298 1688 2329 quindecim,
1709 2298 1823 2322 coheret
1842 2305 1858 2322 a
1871 2305 1954 2322 mane

102 2345 288 2370 Crescencius
309 2345 464 2377 Campana,
484 2353 500 2369 a
520 2347 639 2370 meridie
658 2346 778 2378 Egidius
798 2346 945 2370 monarius
964 2347 992 2369 et
1012 2353 1027 2369 a
1047 2352 1110 2369 sero
1131 2344 1331 2378 Galcegnanus
1351 2351 1376 2374 q.
1398 2343 1527 2366 Martini.
1558 2342 1638 2372 Item,
1656 2349 1741 2366 unam
1753 2343 1863 2375 peciam
1881 2344 1954 2366 terre

102 2393 130 2415 et
149 2391 227 2424 prati
246 2392 276 2414 in
296 2391 509 2415 Prcvenderoso
528 2392 615 2414 unius
634 2392 728 2422 campi
749 2392 777 2414 et
791 2397 893 2414 novem
913 2391 1094 2422 perticarum,
1108 2396 1162 2420 que
1176 2389 1283 2420 regitur
1297 2395 1346 2420 per
1359 2387 1548 2415 Sulimanum,
1564 2387 1678 2410 coheret
1692 2394 1707 2410 a
1720 2387 1812 2410 tribus
1826 2387 1953 2419 partibus

103 2437 151 2460 via
170 2436 308 2464 comunis,
329 2443 345 2460 a
364 2442 427 2459 sero
446 2435 545 2460 Petrus
564 2443 590 2466 q.
609 2435 754 2465 UbertInL
774 2435 807 2459 de
821 2442 876 2467 qua
890 2437 966 2460 terra
986 2436 1013 2459 et
1027 2436 1112 2466 prato
1126 2433 1220 2458 reddit
1233 2434 1355 2464 quatuor
1370 2433 1458 2456 staria
1473 2432 1621 2456 frumenti.
1646 2431 1726 2461 Item,
1743 2439 1830 2456 unam
1844 2432 1953 2463 peciam

102 2481 176 2504 terre
196 2481 226 2504 in
246 2479 422 2509 Paludonea,
441 2486 494 2510 que
513 2481 623 2512 regitur
642 2487 690 2511 per
704 2480 912 2511 Johanninum,
925 2479 1012 2503 unius
1026 2479 1127 2510 campi,
1142 2478 1255 2502 coheret
1269 2484 1285 2501 a
1299 2484 1380 2500 mane
1391 2476 1505 2500 Rubeus
1520 2483 1534 2500 a
1548 2475 1646 2506 Puteo,
1662 2484 1676 2500 a
1689 2483 1751 2500 sero
1765 2476 1955 2508 d.Jacobinus

102 2525 231 2555 Patarus,
250 2532 266 2548 a.
286 2532 363 2549 nona
381 2523 580 2548 Mansredinus
600 2524 715 2553 Grotus,
735 2525 768 2549 de
788 2532 842 2556 qua
863 2524 958 2548 reddit
972 2531 1060 2548 unum
1074 2523 1192 2548 starium
1208 2524 1235 2546 et
1254 2529 1340 2546 unam
1359 2522 1510 2554 gallinam.
1547 2521 1628 2551 Item,
1640 2528 1725 2546 unam
1738 2522 1849 2552 peciam
1868 2521 1954 2553 prati,

103 2570 226 2601 positam
247 2571 277 2593 in
297 2569 375 2593 dicta
394 2569 533 2599 contrata,
554 2569 685 2593 undecim
704 2570 878 2600 perticarum
898 2575 982 2593 causa
1002 2568 1124 2592 restauri
1144 2567 1228 2592 trium
1248 2566 1417 2595 tabularum,
1437 2573 1490 2597 que
1503 2566 1568 2590 date
1589 2565 1703 2590 fuerunt
1717 2566 1771 2590 sibi
1787 2567 1816 2589 in
1833 2573 1956 2596 nemore,

105 2615 218 2639 coheret
236 2622 253 2638 a
273 2614 390 2638 meridie
410 2614 615 2638 monasterium
633 2613 660 2638 S.
681 2615 802 2646 Agathe,
821 2622 838 2638 a
858 2622 920 2638 sero
940 2613 1141 2638 Manfredinus
1160 2620 1187 2644 q.
1206 2611 1327 2636 Martini
1343 2610 1444 2641 Rubei,
1464 2611 1562 2635 reddit
1581 2618 1668 2635 unum
1687 2612 1807 2635 starium
1827 2611 1907 2635 milei
1928 2613 1956 2635 et

105 2666 192 2683 unam
210 2659 360 2691 gallinam.
396 2658 475 2688 Item,
494 2666 579 2683 unam
599 2660 709 2691 peciam
728 2660 810 2690 terre,
831 2666 884 2690 que
910 2659 1019 2690 regitur
1047 2666 1096 2690 per
1122 2656 1296 2691 Qannonum
1316 2657 1470 2687 notarium,
1498 2657 1527 2679 in
1554 2656 1631 2680 dicta
1656 2657 1797 2685 contrata,
1823 2655 1955 2680 undecim

106 2705 278 2736 perticarum
298 2704 352 2728 sibi
374 2703 438 2728 date
458 2711 541 2727 causa
561 2705 681 2728 restauri
701 2705 789 2728 trium
808 2705 980 2736 perticarum
1002 2704 1030 2727 in
1059 2710 1183 2732 nemore,
1203 2702 1316 2726 coheret
1337 2709 1351 2725 a
1371 2700 1492 2725 meridie
1510 2700 1611 2725 Petrus
1630 2708 1656 2732 q.
1675 2701 1820 2730 Ubertini,
1841 2709 1855 2725 a
1876 2707 1957 2725 mane

108 2748 136 2774 d.
157 2748 354 2778 Nascimbene,
373 2756 388 2772 a
407 2748 542 2772 nullhora
562 2748 638 2772 dicta
658 2748 783 2780 domina,
806 2748 840 2772 de
859 2755 913 2780 qua
933 2748 1028 2772 reddit
1048 2755 1135 2771 unum
1149 2747 1267 2771 starium
1287 2746 1367 2770 milei
1381 2747 1409 2769 et
1424 2753 1507 2769 unam
1528 2745 1678 2777 gallinam.
1705 2744 1785 2776 Item,
1807 2752 1892 2769 unam
1912 2753 1956 2776 pe-

108 2793 181 2817 ciam
199 2794 273 2817 terre
291 2795 318 2817 et
338 2794 422 2825 prati,
442 2800 494 2824 que
514 2792 621 2824 regitur
640 2799 689 2825 per
707 2792 924 2817 Manfredinum
944 2801 970 2824 q.
990 2792 1121 2821 Martini,
1141 2791 1273 2816 undecim
1286 2792 1459 2822 perticarum
1473 2790 1529 2814 sibi
1550 2790 1615 2814 date
1635 2797 1716 2814 causa
1735 2791 1855 2814 restauri
1870 2790 1957 2814 trium

109 2837 282 2870 perticarum
301 2838 332 2862 in
352 2844 478 2867 nemore,
498 2838 612 2861 coheret
631 2845 646 2861 a
665 2845 748 2862 mane
767 2838 867 2862 Petrus
887 2838 1030 2867 Ubertini,
1050 2845 1064 2861 a
1085 2844 1148 2861 sero
1168 2837 1193 2862 d.
1209 2836 1330 2868 Jacobus
1349 2836 1378 2859 et
1396 2842 1412 2859 a
1432 2835 1552 2859 meridie
1571 2834 1779 2859 monasterium
1798 2834 1826 2859 S.
1846 2834 1959 2867 Aghate

111 2883 145 2906 de
163 2881 269 2912 Padua,
289 2882 323 2906 de
339 2889 393 2914 qua
412 2882 508 2906 reddit
527 2889 615 2906 unum
635 2883 753 2906 starium
773 2882 853 2908 milei
872 2884 900 2906 et
918 2889 1004 2906 unam
1025 2882 1174 2914 gallinam.
1209 2880 1288 2912 Item,
1304 2881 1389 2904 unam
1403 2881 1513 2912 peciam
1529 2881 1602 2904 terre
1622 2881 1651 2903 in
1672 2878 1826 2904 Calcavisa
1839 2879 1958 2903 duarum

112 2928 284 2959 perticarum
305 2928 331 2951 et
351 2927 511 2951 tabularum
532 2927 792 2959 trigintaquinque,
813 2927 927 2951 coheret
941 2934 957 2951 a
973 2934 1034 2951 sero
1048 2926 1148 2950 flumen
1163 2925 1329 2955 Bachionis,
1343 2932 1358 2949 a
1372 2932 1450 2949 nona
1469 2924 1675 2949 monasterium
1688 2923 1716 2948 S.
1729 2924 1850 2956 Agathe.
1877 2923 1960 2953 Item,

45 2969 81 2996 60
109 2979 195 2996 unam
209 2973 318 3003 peciam
331 2973 406 2996 terre
418 2972 449 2995 in
470 2972 548 2996 dicta
567 2973 700 2996 contrata
720 2973 804 2996 unius
819 2973 920 3003 campi,
935 2971 1088 2996 duodecim
1108 2971 1279 3002 perticarum
1299 2971 1327 2994 et
1347 2969 1508 2993 tabularum
1529 2969 1695 3001 quindicim,
1709 2976 1763 3000 que
1782 2970 1890 3001 regitur
1909 2975 1959 3002 per
